1624 3016
236 157 322 214 ara
408 141 640 191 ORATIO
669 140 749 190 DE
780 139 842 187 v1
871 139 954 187 ΕΤ
981 142 1299 193 EFFICACIA
1376 146 1381 153 “

239 253 319 325 per
347 264 631 312 Historiarum
658 261 950 319 cognitionem
974 278 1220 325 perspectas
1244 281 1294 313 ac
1316 280 1479 327 per-trs.

244 353 380 388 ctatas
408 341 613 387 habemus
650 351 716 384 res
755 339 981 386 humanas.

302 418 414 472 Sed,
443 428 495 462 ut
531 418 577 463 in
607 416 663 461 iis
689 429 802 474 quae
831 417 1061 475 hucusque
1098 414 1218 476 dixi,
1249 421 1486 471 Auditoteg

245 495 438 541 omnium
486 493 685 540 ordinum
731 494 1075 552 Humani-simi,
1118 510 1246 556 spero
1292 511 1363 550 me
1393 500 1492 546 Vos

247 571 403 618 habere
447 573 762 630 assentientes,
804 573 864 618 ita
916 574 1119 631 suspicor
1153 567 1496 634 vestraingenia

247 650 463 707 requirere
487 651 615 699 etiam
642 652 850 696 rationem
871 664 920 696 ac
942 650 1084 707 viam,
1115 653 1204 710 qua
1227 653 1495 698 tractandum

253 717 315 775 ait
352 727 642 774 Historiarum
678 729 904 783 studium,
949 737 996 772 ut
1039 727 1139 774 inde
1183 728 1383 778 laudatus
1428 728 1502 789 ille

254 805 450 851 Virtutis
485 803 655 850 fructus
699 805 990 864 percipiatur:
1034 806 1120 863 qua
1157 807 1227 851 via
1260 818 1305 853 et
1338 807 1506 853 ratione

257 884 482 941 designata
523 882 627 928 hnic
671 883 772 928 loco
817 885 987 927 demum
1034 883 1303 930 satisfecisse
1341 884 1502 946 videar.

257 954 417 1022 Neque
435 963 559 1011 etiam
585 976 666 1021 ego
692 963 749 1007 ita
773 962 1024 1019 disputavi,
1054 975 1103 1007 ac
1133 961 1168 1006 si
1191 946 1380 1021 quisque
1402 962 1506 1007 Vir-

261 1033 397 1107 tutem
429 1050 720 1098 assequatur,
750 1037 949 1095 vitioque
982 1037 1222 1094 liberetur,
1251 1035 1350 1083 c'um
1385 1050 1432 1083 se
1459 1037 1506 1084 in

264 1120 493 1178 lectionem
524 1116 742 1164 Historiae
763 1115 1000 1175 conjecerit
1013 1146 1031 1170 ,
1060 1126 1104 1161 et
1127 1115 1274 1161 locum
1293 1129 1347 1165 cx
1364 1117 1414 1162 ea
1436 1129 1512 1162 ve-

266 1199 351 1247 luti
373 1196 585 1255 magicum
608 1206 779 1240 carmen
805 1192 1060 1239 recitaverit.
1121 1191 1314 1253 Omnino
1333 1202 1402 1239 eat
1421 1205 1516 1239 eer-

270 1258 316 1332 ta
341 1274 547 1333 quaedam
577 1271 685 1319 ratio
727 1270 942 1317 Historiae
974 1269 1227 1326 tradendae,
1268 1267 1382 1317 certa
1410 1270 1516 1318 item

276 1350 598 1415 percipiendaez
628 1359 695 1396 est
718 1350 813 1405 lex,
829 1358 881 1393 nt
906 1347 1102 1393 docentis
1123 1357 1166 1391 et
1194 1345 1437 1404 narrantis,
1458 1347 1521 1393 ita

271 1429 479 1477 discentis
521 1437 564 1473 et
605 1425 835 1474 audientis.
909 1425 977 1469 De
1025 1424 1112 1480 qua
1147 1423 1239 1482 lege
1277 1434 1319 1467 et
1355 1423 1522 1470 ratione

275 1503 412 1564 quum
437 1504 766 1553 constimissem
789 1503 868 1550 hac
890 1502 986 1561 ipsa
1007 1513 1184 1557 quoque
1200 1499 1341 1547 dicere
1358 1500 1521 1546 oratio-

277 1598 364 1649 ne,
394 1581 869 1643 animadvertita‘ntam
903 1592 999 1625 ase
1036 1579 1276 1637 argumenti
1309 1579 1523 1636 magnitu-

281 1662 421 1723 dinem
436 1693 452 1716 ,
483 1671 535 1707 ut
556 1661 652 1719 ejus
676 1658 880 1704 tractatio
905 1657 952 1704 in
975 1657 1108 1702 alium
1130 1657 1278 1703 locum
1299 1666 1527 1716 tempusve

279 1739 525 1798 reponenda
558 1738 632 1783 sit.

295 1802 297 1809 ⁴
340 1815 507 1875 Igitur,
537 1824 588 1860 ut
619 1814 745 1860 finem
773 1813 945 1861 dicendi
977 1811 1162 1867 faciam,
1192 1811 1449 1870 comgamm
1472 1824 1528 1859 α

285 1894 417 1942 dictis
429 1926 447 1950 ,
459 1893 742 1939 Ornatissimi
760 1891 1106 1949 suavissimique
1120 1892 1310 1949 Juvenes
1338 1903 1380 1937 et
1393 1893 1532 1940 Com·

288 1973 542 2028 militones,
585 1969 692 2028 quid
722 1970 851 2016 nobis
885 1970 1093 2028 agendum
1131 1969 1193 2013 sit
1209 2001 1227 2024 ,
1266 1978 1315 2012 ut
1345 1981 1424 2029 per
1449 1969 1533 2015 Hi·

288 2042 468 2096 'storiam
501 2049 556 2095 ad
582 2049 690 2092 bene
721 2046 929 2101 beateque
961 2045 1208 2102 vivendum!
1231 2044 1531 2102 proficiamus.

292 2113 521 2172 'Nimirum
538 2126 586 2172 in
606 2126 740 2183 hujus
763 2125 873 2170 tanti
892 2124 1215 2182 possessionem
1239 2108 1343 2168 boni
1360 2137 1451 2171 non
1469 2134 1534 2170 te-

296 2216 410 2250 mere
432 2216 481 2248 ac
509 2201 657 2247 subito
681 2203 926 2257 involatur,
955 2202 1033 2248 sed
1062 2201 1333 2259 gadibus'ac
1355 2203 1539 2260 diligen·

298 2285 362 2344 tia
395 2283 657 2339 pervenitur.
717 2283 1069 2333 fundamentum
1105 2280 1243 2325 totius
1277 2282 1337 2324 rei
1381 2291 1449 2327 est
1489 2283 1538 2345 in

295 2352 398 2416 i'psa
431 2360 650 2405 Historiae
684 2359 996 2417 intelligentia:
1041 2355 1348 2415 intelligentiae
1383 2357 1543 2405 funda-

299 2433 491 2498 ‘Jrnentum
513 2447 580 2483 est
607 2439 651 2482 in
678 2438 755 2483 illa
776 2449 917 2482 rerum
948 2436 1118 2495 summa
1150 2447 1200 2479 ac
1233 2434 1352 2479 brevi
1387 2434 1543 2492 discri-

296 2515 486 2594 ptione„
513 2515 738 2561 Historiae
760 2513 1031 2584 Universalis
1056 2512 1231 2558 nomine
1248 2509 1458 2557 celebrata
1471 2509 1494 2556 τ’
1518 2523 1544 2554 e

358 2603 383 2623 ‘-
798 2599 806 2608 ⁴
1473 2605 1553 2639 cu·
