1624 3016
331 128 447 196 sn
589 134 772 185 vrrs
818 137 879 186 o.
932 138 1378 191 numinum„

353 260 541 308 damensi
561 261 755 308 cathedra
768 290 786 318 ,
805 263 1017 321 reliquum
1037 266 1151 312 vivae
1171 267 1577 315 odamrnsinsmn-

350 338 603 384 herstanum
639 351 765 384 suum
801 341 1049 396 concessit,
1089 354 1139 388 ae
1173 354 1250 399 per
1278 344 1460 390 viciniae
1490 357 1573 400 op·

350 416 655 472 portunitatem
669 446 687 470 ‚
740 428 866 471 opera
899 420 1146 463 communis
1186 418 1314 465 amici
1354 419 1575 467 Laurentii

348 491 568 548 Sentenii,
598 505 695 538 cum
729 493 990 540 Ruhnkenio
1023 495 1068 540 in
1098 496 1272 552 gratiam
1297 498 1432 545 redut.
1488 500 1576 544 c·-

349 567 539 614 thedram
559 571 652 627 ejus
675 580 761 616 tres
783 573 830 617 in
845 573 997 628 primis
1021 574 1219 628 petebant
1233 574 1460 621 candidati.
1497 576 1575 633 lp-

348 658 398 691 se
418 647 708 693 curatoribus
726 650 1049 695 commendabat
1068 650 1342 695 Santenium:
1366 663 1434 696 me
1448 650 1576 698 Valc-

345 721 577 778 kenarius,
606 735 647 768 et
673 735 789 781 grata
813 726 1016 780 quaedam
1048 724 1209 770 civium
1235 725 1415 782 opinio,
1455 727 1575 782 qued

343 813 422 858 per
446 813 521 846 aex
543 813 679 847 annos
709 803 927 859 juventuti
948 802 1188 848 Literarum
1209 814 1252 848 et
1274 803 1577 860 Philosophiae

339 876 620 922 institutione
653 877 934 932 profuissem.
1003 879 1128 924 Tulit
1163 880 1358 927 Tollius.
1420 880 1576 927 Ruhn-

343 951 496 999 kenius
525 954 684 998 nemini
729 954 860 1000 trium
892 968 1064 1011 operam
1095 969 1215 1002 suam
1252 968 1462 1013 praestare
1484 970 1578 1005 vo-

341 1032 454 1086 luit3
486 1033 605 1087 quod
628 1043 835 1089 peraeque
856 1034 948 1092 ejus
971 1034 1207 1079 fuissemus
1235 1035 1471 1092 discipulh
1496 1037 1579 1082 mi·

341 1108 388 1155 hi
412 1118 552 1153 tamen
583 1109 628 1153 in
660 1121 799 1155 aurem
833 1110 1030 1165 dicebat,
1061 1123 1108 1156 se
1141 1110 1341 1167 ampliori
1375 1124 1443 1157 me
1474 1112 1577 1160 loco

341 1187 603 1234 destinam:
636 1189 720 1233 hoc
747 1189 960 1246 ejusmodi
977 1200 1094 1244 erat,
1110 1198 1160 1235 ut
1179 1197 1254 1235 sut
1273 1189 1360 1247 ipsi
1381 1190 1576 1247 aliqnan-

337 1263 398 1308 do
412 1293 432 1319 ,
459 1273 542 1308 aut·
557 1263 840 1310 Valckenario
859 1266 1144 1310 succederem.
1203 1298 1208 1304 -
1272 1281 1275 1284 ’

348 1362 350 1366 -
395 1339 570 1387 Oderici
592 1342 763 1387 libellus
784 1355 878 1399 quo
899 1342 1063 1388 Graeca
1075 1342 1307 1400 Inscriptio
1321 1374 1338 1399 ‚
1364 1345 1576 1390 scenicam

339 1417 624 1463 Didascaliam
661 1418 919 1472 continens,
962 1417 1204 1464 illustratur
1230 1449 1249 1472 ‚
1287 1428 1332 1462 et
1363 1417 1574 1466 Ruhnke-

334 1495 400 1541 nii
426 1495 637 1540 sententia
666 1496 720 1540 de
748 1493 875 1540 festis
910 1494 1069 1540 Bacchi
1101 1493 1295 1550 AtticIs,
1326 1496 1495 1551 prodita
1526 1496 1575 1541 in

282 1575 288 1583 '
336 1571 544 1622 Auctario
575 1573 629 1616 ad
663 1571 966 1628 Herminium,
1004 1572 1329 1628 reprehenditur
1349 1601 1370 1627 ,
1409 1572 1575 1617 Romae

322 1648 482 1693 -editus
514 1652 684 1707 (1777.
699 1651 751 1708 )‚
780 1659 823 1694 et
843 1661 989 1693 recens
1012 1649 1067 1693 ad
1085 1661 1170 1694 nos
1192 1650 1388 1704 delatus,
1413 1650 1574 1706 jucun·

338 1727 421 1772 dus
456 1726 494 1770 ei
532 1727 671 1782 magis
701 1726 797 1770 fuit.
814 1714 1001 1782 propter
1025 1726 1247 1773 doctrinae
1276 1725 1527 1783 elegantiam
1547 1757 1567 1783 ,

334 1814 461 1860 qnam
483 1803 747 1861 injucundus
771 1805 829 1849 ob
845 1804 1027 1848 editoris
1054 1802 1319 1848 dissuasum.
1376 1802 1568 1848 Omnino

331 1885 483 1929 leniter
517 1884 677 1929 ferebat
713 1885 1049 1938 dissentientes,
1074 1884 1247 1928 si-cum
1274 1894 1413 1928 rerum
1434 1883 1571 1928 acien-

327 1965 388 2009 tia
407 1966 661 2011 modestiam
681 1965 910 2011 adferrent.
968 1965 1074 2024 Quo
1101 1965 1320 2010 lubentius
1342 1956 1486 2023 partes
1511 1965 1568 2008 ab

328 2056 382 2089 eo
404 2045 510 2089 mihi
542 2046 706 2090 delatas
742 2045 951 2101 suscepi,
980 2053 1032 2089 ut
1061 2045 1354 2091 Bibliothecae
1381 2045 1573 2090 Critieas

328 2123 435 2168 Vol.
448 2123 512 2167 11.
539 2123 656 2168 Part.
686 2123 802 2178 1112,
823 2122 1089 2168 »sententiam
1124 2123 1178 2167 de
1205 2122 1356 2168 libello
1386 2122 1570 2168 dicerem

327 2210 372 2246 ct
389 2200 524 2245 libere
546 2203 875 2256 pronunciarem
888 2233 906 2256 ,
935 2201 1030 2247 sive
1050 2202 1286 2247 secundum
1299 2202 1452 2257 ipsum
1467 2232 1487 2257 ‚
1507 2201 1571 2250 ὁ

326 2290 382 2320 ve
400 2278 634 2321 secundum
667 2277 916 2324 odericum.
979 2279 1107 2323 Feci:
1139 2288 1187 2323 et·
1209 2279 1568 2343 ponderat'non-

326 2355 456 2398 nibus
476 2349 677 2399 Veterum
700 2357 813 2402 locis
833 2357 887 2400 ad
908 2367 1156 2411 certamque
1172 2354 1563 2410 interpretationem

324 2430 507 2481 exactis,
538 2430 787 2476 Ruhnkenii
827 2434 1035 2477 sententia
1074 2434 1254 2478 Lenaea
1278 2431 1432 2475 ‘eadem
1470 2441 1566 2474 esse

291 2571 293 2573 Ι
322 2518 433 2563 quae
452 2507 728 2555 Anthesteria
740 2541 757 2565 ‚
776 2512 1046 2566 probabilior
1073 2510 1411 2563 nihilist-est,
1431 2519 1562 2560 quam
