1624 3016
309 146 513 195 VITA..
549 151 619 198 D.-
665 140 1116 197 RU'HNKan.
1242 155 1344 208 nr:

97 287 215 324 nova
236 274 447 329 fingamus
463 305 479 328 ‚
505 272 573 318 v'el
595 273 841 318 adLati‘na‘e
868 273 1042 329 linguae
1063 272 1329 331 analogiam,

99 355 171 399 vel
210 354 266 396 ad
294 353 480 396 Graecae
520 351 876 396 consuetudinem
895 363 916 404 ς
957 352 1136 407 ejusque
1174 351 1334 409 partim

96 430 331 475 sententiae
349 428 564 473 auctorem
590 429 802 471 laudarem
829 427 1058 471 Muretum·
1082 428 1127 472 in
1150 424 1338 484 Episto'i

96 507 166 561 la,
195 506 246 560 Ι,
280 508 364 562 36,
393 515 436 551 et
465 504 651 560 egregia·
678 503 752 548 illa
772 503 1084 557 'disputatione
1110 503 1337 549 variarum

98 583 405 637 Lectionum,.
425 581 530 635 XV,
571 595 611 626 1.
671 585 776 636 Ipse
810 580 1040 625 affirmabat
1076 581 1183 626 idem
1216 581 1338 636 quod

99 674 277 718 postes,
306 662 363 705 ad
393 661 507 704 hunc
543 659 707 702 Mureti
739 659 915 712 heum,
944 657 1048 702 etin
1069 657 1336 704 Praefitione

96 739 150 783 ad
181 740 274 794 ejus
306 737 478 792 Opera,
508 736 715 790 scripsit,
734 735 966 779 Muretum
1002 735 1147 790 ipsum
1179 747 1333 782 eontra

100 816 347 869 factitasse,
391 813 477 857 sibi
520 814 643 857 illum
680 813 826 856 locum
864 822 1080 869 tamquam
1112 811 1339 870 refugiunt’

97 905 295 949 parasse,
323 902 425 946 quo.
455 901 502 934 se
531 898 752 940 tueretur,
781 888 831 933 si·
857 886 966 942 quid
999 889 1083 932 sibi
1104 888 1338 943 aliquando

100 967 307 1015 scribenti
330 966 475 1011 minus
501 965 688 1020 probum
712 963 972 1012 excidisset:
1005 975 1056 1011 ex
1075 964 1242 1020 optim·
1256 973 1339 1008 no-

95 1042 165 1090 bis
203 1051 338 1089 aetate
370 1041 476 1086 satis
513 1050 738 1094 superesse
767 1048 1177 1094 monumentorum,
1207 1039 1334 1084 ‘unde

94 1122 261 1170 nullius
280 1133 371 1165 non
394 1119 454 1164 rei
473 1117 847 1175 cogitationisque
882 1114 1188 1173 significandae
1205 1118 1336 1163 dieti·

91 1211 215 1245 onem
257 1197 642 1251 auctoritatemque
684 1206 947 1251 mamus.
1026 1195 1160 1239 Recte
1202 1197 1332 1243 etiam

90 1274 308 1333 judicabat
320 1304 338 1327 ,
365 1262 547 1317 Latinae
567 1271 764 1328 Linguae
784 1273 899 1317 haud
918 1272 1113 1327 exiguam
1136 1281 1337 1330 partem,-

92 1353 230 1397 adhuc
251 1352 520 1407 ignoratam,
549 1351 573 1395 ὲ
598 1349 840 1395 Glossariis
866 1349 1060 1405 antiquis
1096 1348 1331 1394 bibilothe-

93 1443 168 1475 cae
203 1428 604 1484 Lugdunobatavae
630 1426 801 1470 restitui
821 1438 986 1481 posse.
1045 1424 1179 1482 Quod
1200 1425 1253 1468 ab
1279 1437 1336 1470 eo

87 1505 300 1564 judicium
333 1503 552 1558 proditum
586 1503 632 1547 in
666 1501 931 1559 praefatione
973 1502 1026 1546 ad
1058 1502 1332 1559 Appuleium

89 1593 248 1629 censor
293 1579 621 1636 Goettingensis
662 1592 805 1634 quum.
843 1592 932 1624 nou
979 1579 1086 1624 satis
1126 1588 1326 1635 caperet,

88 1658 375 1717 ignorantiam
410 1670 531 1703 suam
570 1657 851 1702 cavillatione
884 1656 1193 1701 dissimulavit.
1249 1655 1336 1700 Sed

89 1736 171 1781 hac
197 1738 250 1780 de
282 1746 327 1779 re
359 1744 547 1779 statuere
579 1747 670 1780 non
702 1743 771 1778 est
804 1734 937 1791 huius
966 1734 1080 1779 locis
1122 1743 1166 1777 et
1202 1746 1334 1779 suum

87 1811 276 1866 cuique,
303 1820 347 1855 et
366 1810 497 1858 nobis
520 1821 751 1863 nostrum,
779 1809 1062 1864 relinquimus
1094 1811 1327 1866 judicium.

24 1900 29 1907 ·
87 1889 205 1936 Illud
240 1899 391 1933 omnes
425 1886 622 1933 confiteri
665 1895 840 1943 oportet
861 1899 877 1932 t
931 1885 1214 1940 Ruhnkenii‚
1252 1886 1334 1941 qui

94 1975 182 2010 tam
205 1977 354 2011 severo
387 1976 518 2011 censu
540 1964 759 2008 civitatem
790 1974 1017 2020 purgasset
1037 1974 1079 2008 et
1101 1966 1154 2008 ad
1183 1965 1338 2009 verbo·

55 2079 61 2085 .
93 2059 188 2095 rum
214 2044 475 2100 paucitatem
503 2041 766 2099 redegisset,
784 2053 931 2097 seque
962 2041 1056 2097 ipse
1086 2051 1172 2087 tam
1202 2044 1336 2091 aretis

89 2122 342 2169 Latinitatis
401 2117 562 2165 finibus
606 2116 1018 2172 circumscripsisset
1045 2148 1063 2171 ,
1111 2127 1154 2164 et
1194 2114 1335 2164 tamen

91 2200 230 2247 multa
250 2195 472 2256 scripserit
487 2225 504 2249 ,
533 2203 577 2238 et
598 2206 704 2250 pure
724 2194 919 2248 beneque
951 2194 1166 2238 scribendi
1187 2194 1331 2239 officio

93 2276 154 2319 ita
184 2273 471 2327 satisfecerit,
514 2280 563 2316 ut
609 2284 757 2316 omnes
804 2270 1060 2315 recentiores
1093 2272 1172 2315 hac
1210 2272 1336 2318 laude

92 2352 379 2408 superaverim
404 2350 536 2406 huius
565 2349 699 2405 igitur
718 2349 906 2394 hominis
929 2349 1150 2394 scientiam
1164 2351 1330 2404 ,soler-

93 2431 227 2484 tiam‚
260 2430 537 2482 facultatem,
567 2428 822 2483 singularem
857 2437 900 2471 et
927 2425 1015 2471 fere
1033 2427 1326 2472 incredibilem

90 2505 241 2559 fuisse,
312 2505 467 2561 Neque
499 2516 601 2553 vero
646 2515 749 2555 suae
798 2503 1008 2555 orationis
1054 2503 1248 2555 habitum
1282 2514 1329 2552 ec

683 2580 795 2627 Δια
825 2591 852 2641 3
1210 2590 1328 2629 stru-
