1624 3016
215 111 309 176 su
365 102 706 159 mammo
735 105 1351 158 ANIMAnszsmNUM

220 236 418 284 studium
441 232 486 276 in
509 229 812 287 perspicuitate
832 238 981 285 ponet.
1038 232 1179 289 Quam
1197 236 1365 289 quidem
1386 233 1458 278 via

222 316 367 359 dimus
388 322 412 355 a
427 308 742 365 compluribus,
761 321 873 365 quos
895 310 1113 356 nominare
1130 323 1218 358 non
1234 324 1300 359 eat
1320 326 1454 370 opus,

225 387 493 434 doctissimis
531 385 656 431 etiam
689 385 826 440 viris,
855 386 961 430 adeo
990 387 1234 442 neglectam>
1254 399 1379 443 esse,
1410 398 1460 432 ut

227 478 356 522 saepe
379 465 535 510 minori
557 464 734 520 negotio
757 465 881 508 locus
904 464 1113 509 Auctoris
1137 475 1264 519 quam
1287 464 1458 511 iliorum

218 541 517 599 interpretatio
535 540 819 598 intelligatur.

278 619 396 664 Haec
427 629 508 674 ego
544 628 680 673 quum
712 627 755 662 et
786 617 883 662 aiiis
909 617 1019 664 iocis
1049 617 1389 674 disputaverim,
1417 622 1461 662 α

216 698 394 756 saepius
409 697 711 744 inculcaverint
725 728 742 753 ‚
767 706 810 742 et
830 697 915 743 hoc
940 698 1042 743 ioco
1056 697 1267 742 retulerim
1282 727 1299 751 ,
1319 707 1462 752 neque

219 787 363 824 tamen
387 789 431 821 re
465 785 509 821 et
541 775 662 821 facto
694 775 907 831 consequi
941 785 984 821 et
1013 776 1183 831 explere
1215 774 1455 829 potuerinta

219 869 373 903 vereor
400 866 456 901 ne
477 855 593 912 apud
617 854 850 911 plerosque
870 853 916 898 in
943 853 1144 898 vanitatis
1169 849 1463 908 reprehensio-

221 945 321 980 nem
353 932 582 977 incurram.
641 928 702 974 Et
728 928 893 984 fateor,
922 929 1032 974 hanc
1070 929 1207 985 ipsam
1230 928 1463 984 cogitatio·

221 1023 319 1056 nem
346 1021 415 1054 me
441 1009 488 1052 in
529 1007 779 1051 maturanda
807 1005 1245 1053 Animadversionum
1272 1005 1462 1050 editione

221 1087 470 1132 retardasse.
523 1083 660 1138 Sane,
683 1082 822 1127 multo
842 1092 909 1128 est
930 1081 1105 1128 facilius
1125 1082 1230 1127 artis
1251 1083 1458 1127 rationem

223 1174 353 1218 quam
375 1172 499 1206 usum
513 1191 530 1214 ,
553 1159 673 1215 quod
686 1160 821 1217 vulgo
841 1160 962 1205 aiunt
975 1153 1189 1205 chanan
1205 1171 1332 1216 quam
1344 1170 1462 1220 pra-

222 1240 335 1293 εἰη,
363 1248 528 1291 tenere;
563 1236 733 1281 facilius
767 1246 835 1281 est
867 1237 976 1283 bene
997 1237 1163 1292 dicere,
1194 1248 1323 1293 quam
1346 1235 1460 1283 stoo-

224 1330 300 1372 re;
330 1317 446 1372 leges
466 1315 680 1370 scribere,
709 1325 838 1371 quam
860 1314 1001 1370 sequi.
1061 1313 1172 1358 Nam
1196 1324 1248 1357 ut
1270 1314 1461 1369 reliquas

225 1396 417 1441 omittam
451 1380 595 1450 artes,
625 1396 679 1440 de
712 1395 1021 1451 Interpretandi
1048 1403 1140 1439 arte
1174 1395 1465 1451 quotusquis-

223 1485 310 1529 que
331 1482 396 1517 est
421 1473 526 1527 quin
546 1472 739 1530 judicare
757 1472 845 1518 sibi
867 1483 998 1529 posse
1018 1470 1240 1518 videaturz
1275 1479 1463 1526 quotus·

221 1550 409 1606 quisque
433 1562 485 1594 ex
510 1549 895 1595 innumerabilibus
918 1548 1110 1605 Logtcae
1134 1556 1176 1591 et
1203 1546 1462 1592 doctoribus

220 1634 266 1670 et
289 1626 605 1680 scriptoribus,
637 1626 746 1682 quin
778 1627 873 1684 ejus
909 1625 1016 1670 artis
1046 1625 1252 1670 rationem
1276 1636 1325 1668 ac
1345 1636 1464 1682 prae-

221 1711 375 1758 cepta,
403 1703 538 1747 veluti
569 1716 622 1748 ex
657 1703 826 1762 tripode
847 1703 1053 1758 oracula,
1082 1704 1304 1748 decantett
1334 1703 1463 1747 rude·

217 1779 413 1837 plerique
435 1788 585 1824 omnes
622 1780 677 1825 ab
700 1779 819 1825 omni
841 1775 1045 1824 Veterut'n
1082 1780 1272 1825 lectione
1294 1791 1344 1823 ae
1366 1787 1466 1823 stu-

218 1858 309 1903 dio.
368 1857 487 1916 Quid
515 1858 675 1915 igitur,
705 1859 821 1903 dicat
845 1859 973 1914 quis,
1007 1870 1185 1903 caussae
1214 1866 1309 1911 est,
1342 1855 1466 1912 quod

217 1947 269 1982 tu
292 1936 369 1992 qui
389 1936 522 1981 vitam
544 1937 590 1980 in
610 1936 816 1980 Veterum
841 1936 1027 1980 lectione
1051 1934 1306 1988 consumis,
1328 1933 1466 1979 Inte&

217 2014 474 2072 pretationis
497 2014 704 2059 rationem
728 2025 770 2058 et
796 2013 982 2057 officium
1013 1999 1208 2058 oratione
1228 2011 1464 2068 probabili-

217 2098 284 2133 ter
299 2090 500 2146 designas
513 2121 531 2145 ,
553 2102 598 2134 re
617 2099 660 2133 et
683 2089 853 2134 actione
866 2101 958 2133 non
978 2088 1080 2133 item
1098 2086 1379 2143 probabiliter
1389 2098 1463 2132 α·

216 2167 347 2222 ples?
364 2167 472 2222 quid
492 2175 587 2221 est,
612 2168 731 2223 quod
743 2166 1150 2212 Animadversiones
1168 2151 1266 2208 tuae
1290 2174 1464 2210 tantun

216 2241 271 2284 ab
294 2241 368 2285 illa
392 2242 613 2300 designata
625 2242 891 2300 perfectione
907 2242 1086 2288 absint?
1116 2243 1272 2287 Dicam
1293 2242 1461 2297 paucis.

216 2318 316 2373 Ego
338 2319 475 2365 satius
492 2321 630 2375 duxi,
660 2322 761 2365 dare
783 2321 907 2376 quod
930 2321 1126 2364 haberem
1149 2320 1462 2374 qualecumque

215 2393 262 2439 id
283 2405 425 2449 esset,
455 2409 614 2453 quam,
644 2411 772 2454 opere
792 2399 956 2443 diutius
980 2397 1207 2451 ducendo,
1238 2405 1313 2439 aut
1347 2393 1459 2439 nihil

210 2469 338 2526 dare,
366 2481 446 2516 aut
481 2476 799 2535 qualecumque
829 2476 942 2522 illud
971 2487 1118 2524 menn
1142 2473 1307 2520 diutius
1327 2485 1352 2517 a
1374 2484 1463 2527 1³¹⁸·
