1624 3016
159 139 508 213 mirarica.
538 142 620 211 σε
650 159 807 208 suaa
833 162 992 210 NUM.
1021 161 1191 208 vmn.
1257 163 1313 210 ει

88 277 280 333 Tandem
303 299 356 333 eo
375 289 632 333 devenerunt
654 299 742 343 quo
763 284 958 332 devenire
985 286 1030 331 in
1053 286 1135 331 hac
1166 286 1321 341 dispu-

90 366 253 411 tatione
274 378 448 411 necesse
469 375 585 420 erat,
616 375 665 409 ut
692 376 795 421 post
815 365 925 409 hanc
952 365 1084 408 vitam
1108 365 1320 420 praemio-

88 453 182 487 rum
214 453 256 487 ct
289 454 523 498 poenarum
559 435 705 486 iocum
751 452 846 484 esse
873 440 1075 485 dicerent.
1142 440 1203 484 At
1232 440 1318 485 hoc

87 529 238 571 omne,
282 517 495 574 quicquid
518 517 562 561 id
591 526 689 569 est,
728 498 784 559 ad
812 515 935 571 vulgi
968 515 1319 571 superstitionem

89 602 133 638 et
162 595 295 639 aniles
329 591 496 640 fab'uias
526 590 764 639 referebant
786 591 1023 648 Epicurei,
1050 593 1226 651 jamque
1252 594 1318 638 vi-

91 681 235 718 ctores
262 670 348 717 sibi
381 666 636 716 videbantur
660 678 703 715 ct
735 669 1052 716 exclamabant:
1269 662 1274 666 ’

759 784 951 844 Relllgio
965 818 984 843 ,

203 863 337 922 ,Quae
352 874 487 923 caput
509 881 540 910 a
562 863 670 908 coeli
689 865 934 922 regtons‘bus
954 864 1227 923 ostendebat,

205 941 426 987 Horribili
443 928 573 1002 super·
601 950 775 1000 aspectu
794 941 1052 987 mortalibus
1073 945 1243 989 instans
1255 975 1275 1000 ,

203 1046 307 1059 ...-
334 1040 428 1056 --
457 1043 542 1056 ---
573 1018 766 1078 pedibus-
794 1019 988 1072 subjecta
1021 1023 1208 1068 vicissim

209 1097 470 1149 obteritur:
498 1110 571 1142 nos
594 1106 814 1156 exaequat
835 1100 1024 1145 via-cotia
1043 1100 1175 1149 coelo.

95 1215 220 1263 Hanc
254 1214 499 1260 certaminis
534 1213 807 1269 iniquitatem
847 1226 948 1274 cum
985 1214 1163 1272 indigne
1205 1214 1337 1268 ferret

91 1293 384 1347 Plutarchus,
423 1292 510 1339 hoc
554 1291 704 1336 libello
759 1303 884 1347 opem
920 1291 1076 1337 adtulit
1108 1305 1198 1340 uon
1238 1296 1340 1351 qui·

98 1372 192 1415 dem
229 1369 389 1415 Stoicis
409 1401 425 1423 ,
468 1380 653 1423 quorum
697 1367 833 1424 rigida
868 1370 1036 1415 decreta
1070 1370 1168 1415 aiiis
1212 1372 1339 1418 libris

99 1445 339 1501 refutavit,
378 1445 453 1489 sed
481 1444 625 1503 justae
657 1455 806 1488 eorum
842 1457 1020 1490 caussae
1062 1447 1262 1505 reilgioni
1297 1460 1342 1496 et

24 1549 26 1553 v
97 1523 295 1579 νει-ἱππῆς
337 1521 606 1578 nimiumque
636 1520 748 1566 iilud
787 1520 960 1567 Stoicae
991 1524 1232 1570 severitatis
1274 1540 1341 1572 re·

101 1602 314 1655 mittens,
355 1599 592 1644 orationem
625 1611 677 1645 ex
718 1599 934 1656 angustiis
978 1609 1020 1644 et
1070 1601 1257 1647 dumetis
1298 1603 1346 1648 in

91 1676 303 1736 ‘campum
350 1678 526 1734 eduxit,
574 1678 621 1723 in
666 1690 757 1732 quo
790 1688 943 1733 posset
975 1681 1203 1727 exsultare.
1272 1684 1341 1728 Ac

103 1757 247 1816 primo
265 1755 437 1815 quidem
457 1763 593 1802 totam
614 1755 925 1814 disputationis
948 1755 1131 1807 formam
1153 1769 1253 1819 apte
1270 1761 1346 1807 de·

107 1831 303 1891 scripsit.
359 1830 505 1890 Fingit
544 1830 654 1876 enlm
694 1831 993 1892 Epicureum,
1032 1844 1271 1891 postquam
1300 1837 1348 1886 in

106 1929 193 1962 suo
227 1925 270 1959 et
305 1913 541 1960 amicorum
567 1916 787 1960 ⁴consessu
817 1915 971 1960 acriter
998 1915 1044 1965 in
1091 1919 1349 1965 sententiam

105 1994 159 2041 de
187 1990 460 2059 Providentia
496 2002 545 2036 ac
579 1991 732 2047 poenis
767 1991 930 2041 divitiis
970 1992 1169 2039 invectus
1202 2007 1349 2057 esset,

105 2069 290 2122 abiisse,
331 2069 515 2124 ejusque
547 2067 812 2125 obiectiones
849 2069 902 2114 ab
942 2070 1053 2129 ipsis
1085 2072 1138 2117 ad
1174 2086 1353 2123 examen

110 2147 302 2195 revocari
332 2155 374 2190 et
407 2144 600 2191 resutari.
661 2145 748 2191 Hic
787 2147 1003 2204 quidquid
1023 2150 1076 2195 ad
1106 2151 1351 2199 tarditatem

107 2226 280 2271 divinae
299 2223 513 2273 vindictae
545 2224 828 2290 excusandam
863 2225 1018 2272 adferri
1046 2237 1193 2282 potest
1216 2228 1357 2284 expli.

110 2313 263 2357 catur;
293 2301 433 2348 Deum
463 2314 550 2346 non
573 2302 661 2357 ira,
690 2305 766 2347 sed
788 2302 1079 2353 misericordia
1096 2304 1149 2357 ad
1168 2306 1358 2364 punien-

116 2385 197 2428 dos
221 2383 360 2426 malos
387 2383 614 2436 accedere,
646 2391 696 2429 ut
722 2394 797 2427 eos
819 2383 1006 2441 corrigat
1024 2393 1069 2435 et
1092 2383 1136 2431 in
1157 2385 1269 2438 viam
1293 2399 1359 2433 re.

111 2462 274 2516 ducat3
304 2473 441 2518 eoque
470 2474 561 2505 non
596 2459 740 2505 statim
777 2474 938 2516 poenas
977 2462 1197 2523 infligere,
1237 2466 1359 2522 quod

766 2538 810 2591 ἓ
1305 2555 1365 2599 ω
