1624 3016
356 198 533 250 VITA
567 201 635 249 D.-
665 198 1106 249 RUHNKENH.
1133 200 1137 203 ’
1267 205 1367 260 7337

136 323 259 373 ruit,
290 320 350 364 ita
373 318 630 374 corrigitur,
661 317 918 372 utlegstur,
947 315 1179 361 Unaserbs
1209 314 1364 362 Attica

129 396 326 456 phu-ibus
361 409 494 439 sanae
519 395 810 454 eloquentiae,
841 407 972 452 quam
998 397 1204 439 universa
1227 393 1370 441 Grae-

130 476 230 528 cia,
260 473 454 532 operibus
482 471 680 529 effloruit.
738 470 857 515 Mihi
875 470 1140 526 aliquando,
1171 471 1374 526 complu-

129 563 199 595 res
215 551 358 594 unius
384 549 473 593 loci
493 546 807 591 emendationes
829 545 924 601 ejus
946 545 1112 601 judicio
1133 544 1367 602 subjicien-

130 626 196 680 ti,
225 624 482 681 adscripsit,
509 622 647 668 Sardi
672 621 842 668 venales
855 651 873 675 ‚
905 620 1023 665 auus
1042 621 1132 664 alio
1153 622 1363 680 nequior.-

132 715 280 750 verum
303 714 389 747 non
409 707 471 744 m
494 700 582 742 nist
603 699 795 742 unicum.
852 695 994 751 Atqui
1022 695 1116 751 ipse
1143 695 1365 739 Hemster·

130 776 286 821 husius
320 775 477 819 multas
510 771 724 829 ejusmodi
751 771 1022 828 conjectum
1055 770 1274 827 prodidit,
1313 779 1364 813 ut

129 849 557 899 disserendoscnsim
577 850 630 893 ad
649 847 954 904 corrigendum
976 848 1182 903 tendens,
1214 849 1361 904 plures

126 930 314 987 ejusdem
334 928 421 972 loci
459 926 748 972 correctiones
772 935 1020 981 proponens
1034 956 1051 980 ,
1078 934 1120 969 et
1140 924 1187 969 in
1205 934 1364 970 utram.

127 1018 214 1062 que
236 1017 397 1061 partem
422 1005 474 1050 de
494 1004 551 1048 iis
574 1004 833 1058 disputans,
858 1002 1073 1059 judicium
1096 1001 1272 1047 lecturis
1296 1014 1362 1046 re-

126 1085 356 1140 linqueret.
428 1087 488 1129 At
524 1081 812 1130 Ruhnkenius
839 1109 857 1134 ‚
899 1089 949 1123 ut
986 1078 1362 1125 Hemsterhusium

129 1162 322 1214 ratione,
352 1159 589 1216 Bentlejum
620 1157 824 1213 ingenio,
854 1157 1032 1203 alterum
1061 1156 1210 1210 alteri,
1239 1169 1360 1212 prae-

129 1246 272 1290 stare,
290 1247 345 1281 -et
371 1246 604 1291 utrumque
634 1245 813 1290 utraque
837 1233 1043 1279 facultate
1065 1234 1267 1278 omnibus
1290 1234 1363 1278 sui

30 1311 37 1319 “
123 1314 218 1361 sevi
242 1314 421 1359 criticis
453 1314 580 1369 longe
610 1314 892 1366 antecellere,
923 1311 1159 1367 censebat;
1191 1311 1251 1356 ita
1269 1311 1359 1367 pri·

125 1402 217 1435 mas
251 1398 395 1445 partes
427 1389 603 1446 iugenio
621 1420 638 1444 ,
680 1388 927 1445 ingeniique
961 1389 1156 1433 Bentleio
1199 1389 1360 1433 tribue-

125 1468 229 1512 bat:
262 1466 387 1521 eique
406 1477 484 1511 sua
507 1466 601 1521 ipse
623 1473 771 1509 natura
791 1465 836 1509 in
859 1464 976 1509 omni
996 1464 1183 1510 Critices
1211 1476 1362 1509 mune·

126 1554 171 1587 re
203 1541 386 1586 similior
415 1551 517 1586 erat.
576 1540 724 1597 Igitur.
747 1541 975 1598 utriusque
1004 1540 1051 1586 in
1080 1552 1263 1596 utraque
1296 1539 1362 1583 fa·

122 1620 284 1664 cultate
305 1618 537 1675 specimina
559 1629 727 1663 exstant
762 1619 967 1674 palmaria
977 1633 996 1675 3
1033 1631 1131 1664 cum
1166 1620 1361 1664 emenda·

122 1696 263 1742 tiones
293 1694 568 1742 felicissimae
598 1696 958 1751 innumerabiles,
987 1705 1078 1742 tum
1102 1696 1361 1752 disputatio-

109 1784 200 1821 ,nes
238 1771 545 1817 subtilissimae
584 1774 827 1828 complures
851 1786 867 1818 t
911 1773 1182 1830 BentleJ'anae
1220 1775 1355 1831 (79)

125 1853 327 1908 quidem,
357 1854 411 1899 de
441 1853 603 1910 spuriis
639 1851 910 1899 Graecorum
933 1853 1180 1909 Epistolis,
1210 1853 1361 1899 Phala·

121 1929 229 1975 ridis
264 1938 307 1975 et
337 1929 548 1976 aliorum:
580 1929 915 1990 Ruhnkenianae
948 1942 1080 1982 vero,
1110 1932 1163 1974 de
1189 1930 1358 1986 Longi-

121 2008 351 2066 no(80),
380 2003 766 2064 Andocideffir),
788 2005 1063 2063 Antiphonte
1092 2007 1248 2064 (82),
1276 2006 1362 2050 Or·

1251 2083 1366 2139 pheo

174 2181 297 2233 (79)
323 2183 485 2232 Anglice
510 2183 700 2232 scriptae,
727 2184 861 2223 Latine
885 2182 1048 2222 redditae
1074 2185 1095 2222 a
1120 2183 1265 2234 joanne
1284 2185 1359 2223 Da·

123 2255 221 2294 niele
247 2255 446 2304 Lennepio
460 2283 474 2301 ,
514 2255 733 2305 additseque
768 2256 923 2295 editioni
950 2256 1206 2304 Epistolarum
1231 2255 1359 2295 Phab-

123 2326 211 2369 ridis
235 2353 249 2374 ,
291 2327 509 2376 Grouingae
544 2338 655 2378 1777.
715 2327 804 2369 vid.
844 2328 1028 2368 Biblioth.
1067 2328 1164 2368 Crit-
1202 2328 1293 2368 Vol.
1325 2327 1359 2371 1.

125 2398 226 2439 Part.
249 2398 302 2438 11.
329 2410 368 2449 p.
389 2400 468 2448 69,
493 2408 531 2438 et
556 2410 638 2451 seq.

172 2467 295 2523 (80)
324 2467 444 2521 [vid.
469 2482 580 2522 supra
606 2483 647 2522 p.
672 2469 792 2522 682.]
828 2513 830 2515 .

170 2539 197 2593 (
211 2543 251 2582 81
274 2540 295 2591 )
323 2544 490 2582 Historia
512 2542 609 2585 Crit.
634 2545 836 2586 oratorum
862 2546 1092 2591 cnecon-um
1118 2558 1162 2596 p.
1183 2557 1250 2597 ⁴7·

176 2609 294 2663 (82)
321 2610 437 2665 [vid.
463 2623 575 2668 supra
607 2626 650 2664 p.
672 2613 792 2666 660.]
