1624 3016
261 147 620 206 PLUTARcffl
647 141 1008 200 ΜοιιΛιιυΜ.
1038 151 1146 203 Vei.
1167 154 1207 201 1.
1268 153 1358 213 ssa

124 280 265 335 kima
296 292 365 327 est
394 288 494 328 ante
526 277 743 323 saeculum
765 289 883 334 xm;
915 291 967 324 ex
1000 284 1086 337 qua
1109 290 1243 328 aetaoe
1261 288 1370 328 sunt

122 335 411 407 Moscuenses
467 356 590 402 valde
648 353 714 397 illi
757 356 952 400 mendosi
984 386 1002 410 ‚
1058 356 1200 414 iisque
1251 359 1367 404 baud

125 438 260 496 paulo
305 435 502 480 meliores
526 431 785 476 Parisienses
817 430 860 475 D
887 441 930 474 et
958 431 1026 486 F,
1057 433 1203 478 iisdem
1229 444 1370 483 tamen

126 513 295 560 lacunis
313 542 329 566 ‚
371 510 534 566 quibus
569 506 727 552 Aldina
757 516 800 551 et
832 506 1095 552 Basileenses
1126 511 1370 568 editiones,

125 590 288 635 affecti.
349 578 492 633 Altera
517 590 585 627 est
613 581 696 626 sub
716 580 844 626 finem
869 585 1025 627 saeculi
1051 597 1139 630 xm
1155 617 1171 640 ‚
1197 599 1376 644 recupe-

124 677 213 712 rata
237 680 261 710 a
291 662 467 710 Graecis
498 658 918 714 Constantinopoli,
944 659 1066 704 ubris
1099 662 1372 710 Plutarcheis

123 753 169 789 et
189 743 304 789 Vitis
336 748 377 784 et
399 735 647 782 Moralibus
677 735 722 780 in
754 746 887 780 unum
913 737 1113 782 volumen
1142 741 1369 796 collectis,

117 814 365 876 cuiusmodi
399 822 466 859 est
520 813 670 859 Codex
704 813 773 867 A,
823 813 1015 868 scriptus
1063 827 1178 860 anno
1221 818 1365 873 1296,

121 907 222 940 cum
260 893 429 950 quidem
471 890 634 936 librarii
668 902 756 936 non
804 899 888 935 tam
928 891 1169 936 emendatae
1205 893 1362 938 lectio·

118 973 220 1027 nis,
276 981 406 1026 quam
453 966 730 1013 collectionis
789 967 1016 1022 omnium,
1069 967 1145 1022 qui
1193 970 1368 1024 reperiri

122 1055 337 1105 possent,
378 1045 620 1098 librorum,
657 1044 863 1089 rationem
902 1044 1159 1090 habueruut.
1215 1044 1367 1095 Tertia

123 1133 194 1169 est
239 1122 418 1168 Codicis
451 1122 491 1167 E
525 1123 601 1175 qui
634 1122 812 1166 eundem
855 1120 1062 1167 librorum
1107 1134 1365 1179 numerum,

121 1200 200 1245 sed
230 1199 455 1242 lectionem
493 1197 845 1253 scripturamque
881 1196 1015 1254 magia
1051 1196 1262 1244 sinceram
1289 1200 1365 1245 ha·

117 1276 222 1330 bet,
260 1274 434 1330 petitam
466 1284 519 1318 ex
567 1274 883 1319 vetustioribus
926 1287 975 1321 ac
1022 1274 1274 1321 melioribus
1310 1275 1367 1321 li·

114 1351 237 1398 brist
270 1352 461 1407 scriptus
481 1352 657 1398 saeculo
679 1366 764 1397 xrv
789 1352 988 1397 ineuntez
1019 1351 1207 1407 eiusdem
1232 1364 1360 1408 gene&

111 1427 176 1476 fis
216 1436 284 1472 est
313 1427 563 1481 Palatinus,
593 1427 639 1474 in
675 1428 972 1486 Symposiacis
1005 1428 1131 1472 etiam
1173 1427 1361 1485 melior,

115 1504 283 1559 quippe
328 1516 436 1559 quas
478 1504 630 1552 Codex
667 1504 705 1550 E
736 1517 762 1550 a
795 1504 1008 1550 deteriore
1034 1517 1084 1550 ae
1119 1506 1366 1560 posteriore

112 1591 246 1627 manu
292 1581 478 1636 scriptas
522 1581 692 1637 habet3
746 1591 960 1628 caeterum
1010 1581 1107 1628 aliis
1151 1581 1198 1627 in
1236 1582 1362 1629 ubria

112 1666 304 1702 caeteros
358 1657 547 1713 eiusdem
595 1660 749 1704 aetatis
799 1660 973 1706 codices
1014 1659 1198 1704 multum
1234 1672 1363 1716 supe-

109 1745 227 1779 rans.
292 1731 462 1790 Quarta
505 1744 646 1782 exstat
688 1737 735 1780 in
779 1738 928 1782 codiee
971 1736 1045 1792 B,
1097 1736 1171 1781 cui
1223 1738 1362 1794 major

113 1809 240 1855 etiam
286 1810 480 1857 adhibita
519 1821 587 1857 est
630 1813 946 1859 emendationis
990 1826 1092 1859 cura
1140 1814 1362 1869 quaesitae

109 1898 165 1931 ex
204 1886 407 1941 pluribus
452 1897 496 1932 et
536 1889 863 1944 antiquioribus
913 1891 1151 1946 exemplist
1195 1890 1361 1937 numeri

108 1973 153 2006 et
184 1974 376 2007 summae
403 1963 612 2009 librorum
647 1965 1003 2013 Plutarcheorum
1034 1979 1124 2011 non
1156 1967 1258 2011 item
1282 1968 1361 2012 ha·

109 2036 199 2084 bita
245 2038 372 2084 ratio.
436 2038 689 2095 Sequuntur
729 2043 904 2088 codices
945 2042 1107 2088 saeculi
1134 2054 1231 2096 xv,
1270 2042 1361 2090 fere

110 2126 259 2160 omnes
303 2115 351 2159 in
385 2116 508 2160 ltalia
530 2117 738 2173 descripti
773 2130 797 2162 e
831 2118 1062 2164 codicibus
1097 2120 1361 2168 recensioni·

110 2192 358 2245 secundae,
405 2191 451 2235 id
490 2201 589 2248 est,
632 2192 814 2239 Codicis
851 2197 920 2251 A,
960 2196 1169 2242 adhibitis
1209 2197 1357 2253 forte,

113 2279 205 2312 uno
247 2268 469 2324 alteroque
500 2268 546 2314 in
591 2269 737 2324 libro,
778 2270 876 2316 aliis
911 2273 1146 2328 exemplisz
1189 2286 1240 2319 ex
1273 2275 1359 2321 hoe

111 2356 264 2400 genere
307 2351 411 2390 sunt
448 2345 650 2400 codices,
690 2345 988 2403 Bessationis,
1030 2348 1215 2408 Veneti,
1246 2352 1361 2397 unde

109 2420 314 2479 princeps
347 2422 481 2468 editio
515 2422 676 2470 Aldina
702 2436 907 2481 expressa
939 2436 1023 2473 est.

891 2514 896 2526 ·
1269 2518 1364 2553 ca·
