1624 3016
320 219 1206 285 PRAEFATIO

547 431 639 466 Ex
718 432 978 467 -Llnao

150 574 770 656 mammonam
805 606 1383 662 PHILOSOPHIAE

566 691 950 742 nomem.

648 884 719 945 L.
803 886 877 946 S.‘

517 1089 995 1121 ..ιιι-η-

146 1197 359 1315 Quum
408 1257 497 1290 non
545 1244 631 1291 fere
678 1245 762 1290 alio
803 1245 1010 1291 librorum
1060 1257 1210 1302 genere
1241 1246 1382 1305 magis

141 1322 328 1371 abundet
360 1333 489 1377 atque
515 1322 620 1367 adeo
647 1323 811 1367 laboret
848 1324 1009 1366 erudita
1036 1322 1218 1377 civitas,
1249 1336 1380 1380 quam

140 1413 194 1445 eo
238 1412 327 1456 quo
370 1399 561 1456 Logicne
603 1411 824 1455 praecepta
866 1401 1121 1453 traduntur3
1174 1402 1380 1456 suspicor

141 1479 306 1524 multos
331 1476 453 1530 fore,
486 1477 561 1534 qui
589 1478 823 1532 mirentur,
857 1476 963 1532 quid
987 1477 1072 1529 sit,
1103 1477 1224 1531 quod
1250 1477 1378 1523 istam

140 1555 456 1604 multitudinem
481 1554 612 1610 huius
634 1554 768 1598 libelli
799 1554 985 1601 editione
1004 1564 1156 1609 augere
1180 1565 1269 1597 non
1296 1553 1379 1597 du-

137 1634 377 1682 biuverim.
412 1632 614 1692 ,Quibus
640 1645 720 1688 ego
751 1631 788 1677 si
813 1630 1087 1687 respondeam
1105 1659 1123 1683 ,
1153 1642 1246 1673 esse
1266 1630 1376 1676 hanc

133 1709 299 1764 dudum
331 1709 620 1765 pervulgatam
657 1706 1044 1760 consuetudinem,
1077 1717 1155 1759 ut,
1185 1707 1262 1760 qui
1297 1706 1376 1751 ali-

141 1799 267 1843 quam
293 1787 562 1842 disciplinam
588 1786 868 1842 profiteantur
897 1795 940 1830 et
971 1783 1016 1829 in
1052 1783 1219 1828 scholis
1242 1782 1377 1839 expli·

140 1873 237 1908 cent
254 1894 269 1917 ‚
300 1864 392 1920 ejus
418 1875 598 1919 quoque
627 1861 931 1918 compendium
956 1860 1042 1916 ipsi
1063 1859 1371 1914 conscribant3

138 1953 235 1986 vere
269 1940 438 1994 quidem
470 1939 638 1995 dicam,
669 1951 807 1994 neque
846 1949 986 1984 tamen
1018 1937 1223 1981 rationem
1251 1948 1376 1979 secu-

136 2025 210 2062 tus
250 2016 391 2061 videar
422 2015 467 2060 iu
504 2015 814 2064 conscribenda
851 2013 931 2059 hac
963 2010 1224 2067 disciplina,
1265 2022 1377 2065 quae

135 2094 311 2142 nomine
340 2092 436 2148 ipsa
473 2106 554 2136 suo
599 2091 804 2137 rationem
851 2088 1096 2146 profitetur.
1167 2086 1299 2145 Quod
1333 2086 1376 2131 εἰ

136 2181 239 2214 vero
269 2168 499 2222 affirmem,
530 2167 655 2215 unica
686 2180 750 2210 me
778 2164 1050 2211 necessitatis
1074 2164 1165 2219 lege
1187 2164 1240 2208 ad
1262 2163 1375 2208 hanc

137 2245 412 2300 scriptionem
445 2245 658 2290 redactum
695 2255 819 2297 esse3
856 2242 1017 2302 justam
1051 2240 1223 2297 quidem
1256 2238 1374 2284 adse-

135 2335 223 2385 ram
248 2321 452 2366 rationem
468 2352 486 2376 ‚
515 2322 592 2366 sed
613 2321 783 2367 eandem
806 2319 922 2374 apud
941 2318 1103 2362 multos
1128 2330 1276 2372 parum
1301 2329 1373 2361 ve-

133 2382 376 2449 risimilem.
436 2399 602 2455 Igitur,
646 2408 694 2442 ut
728 2409 895 2442 omnem
926 2409 950 2440 a
980 2407 1048 2440 me
1076 2394 1279 2442 vanitatis
1309 2404 1372 2441 te-

135 2476 395 2526 meritatisve
419 2475 713 2538 suspicionem
731 2486 978 2532 amoveam,
1003 2472 1142 2520 facere
1159 2484 1250 2519 non
1271 2486 1374 2528 pos.

784 2554 824 2604 L
853 2564 881 2609 s
946 2559 950 2562 ’
997 2557 1006 2562 “
1241 2565 1372 2612 sum,
