1624 3016
185 171 534 225 PLUTARCH.
565 169 647 218 DE
687 169 843 219 SERA
871 170 1033 222 NUM.
1062 169 1235 221 VlND.
1290 182 1354 232 79

113 301 258 346 niores
283 299 382 343 libri
403 308 446 343 et
468 297 544 353 qui
570 295 744 342 criticae
765 294 960 343 faculmti
997 298 1196 355 maiorem
1222 309 1346 354 prac-

113 376 259 423 bercnt
279 375 526 422 excurrendi
551 385 779 430 campum;
809 385 955 418 verum
975 386 1064 418 non
1083 386 1243 428 meam,
1271 371 1348 418 aed

111 452 331 504 Plutarchi
352 467 393 501 et
414 457 595 503 aliorum
620 467 704 498 rem
729 453 798 497 hic
825 453 894 509 agi
917 452 1167 498 arbitrabar.
1225 452 1347 498 Nam

110 534 204 580 sive
224 544 516 591 argumentum
540 541 732 587 spectes,
746 530 914 575 nullum
938 531 1074 585 majus
1084 531 1347 584 graviusque

110 622 207 667 est3
240 612 333 658 aive
354 607 593 666 explicandi
619 607 823 652 rationem
838 635 859 659 ‚
887 606 992 649 adeo
1021 605 1239 649 subtiliter
1263 608 1350 665 ele-

114 699 348 746 ganterque
374 685 615 743 disputavit
646 683 937 737 Plutarchus,
969 694 1047 736 ut,
1078 695 1350 730 summorum

108 766 297 810 virorum
316 761 514 820 judicio,
543 759 737 816 proxitne
754 760 809 806 ad
831 760 1104 805 Christianae
1122 761 1348 807 doctrinae

108 840 407 899 praestantiam
454 837 698 884 accesserit.
718 861 778 875 —·
798 837 976 883 Scilicet
1017 849 1119 882 cum
1159 840 1351 894 popula«

106 929 192 964 rem
230 915 390 963 efficere
423 914 746 971 Philosophiam
785 913 999 967 studeret,
1029 923 1072 956 et
1101 913 1147 957 id
1181 914 1344 969 ubique

107 1005 350 1053 apcctnret,
380 1003 428 1039 ut
451 994 504 1040 de
530 993 658 1038 rebus
685 1003 796 1047 quae
815 990 871 1042 ad
894 991 1004 1037 vitae
1022 990 1256 1044 rationem,
1286 991 1342 1038 ad

103 1073 389 1120 emendandos
413 1082 586 1125 morea,
616 1079 659 1114 ct
680 1069 735 1115 ad
758 1069 865 1116 bene
884 1069 1091 1125 beateque
1107 1070 1346 1118 videndum.

101 1150 363 1207 pertinerent
391 1147 646 1202 diuereret3
672 1147 782 1193 hanc
805 1157 984 1204 quoque
1001 1147 1058 1192 de
1084 1148 1237 1204 poenis
1268 1147 1337 1193 di-

103 1227 219 1274 vinis
260 1226 499 1274 doctrinam
547 1225 843 1283 explicandam
887 1224 972 1272 eibi
1006 1237 1103 1272 cese
1145 1226 1343 1282 putavit0·

102 1305 296 1364 Magna,
322 1306 419 1352 eine
443 1305 611 1361 dubio,
637 1312 683 1349 et
703 1303 893 1349 difficilia
914 1303 1140 1359 quaestiog
1168 1304 1221 1349 de
1246 1315 1338 1359 qua

99 1386 184 1442 jam
220 1383 540 1439 antiquissimi·
573 1379 841 1437 temporibus
885 1380 1000 1426 varia
1042 1378 1349 1437 Philosophoe

100 1474 196 1506 rum
227 1460 314 1507 fuit
346 1459 575 1507 sententia.
631 1458 779 1515 Hujus
810 1458 1100 1515 patrocinium
1124 1470 1223 1504 cum
1245 1458 1348 1508 sibi,

97 1537 298 1584 nonnulli
331 1536 590 1582 aumeisaent
623 1534 873 1581 Stoicorum
887 1565 906 1590 ,
933 1548 1023 1584 eam
1057 1535 1165 1581 adeo
1197 1536 1338 1582 hol-ri.

96 1615 200 1659 dam·
228 1613 497 1670 rigidamque
533 1611 757 1668 fecerunt,
804 1625 853 1659 ut
883 1626 1024 1670 neque
1061 1614 1162 1659 aliia
1202 1613 1335 1661 facile

97 1692 380 1749 probaretur,
411 1691 464 1736 ab
485 1690 716 1747 Epicureis
738 1705 842 1738 vero
874 1692 1148 1737 derideretur.
1208 1692 1332 1741 Cum

97 1768 210 1814 enim
230 1766 544 1814 &evidentiam
565 1775 801 1813 statuerent
825 1766 1030 1812 omnibus
1054 1767 1332 1822 minimisque

92 1839 297 1892 humanis
314 1844 443 1893 rebus
464 1853 635 1901 praesto
656 1856 778 1899 cese,
795 1844 842 1889 in
864 1844 1011 1890 omnia
1031 1844 1234 1899 inlinere,
1249 1844 1331 1888 ho-

94 1922 258 1966 minum
281 1918 436 1967 delleta
458 1920 528 1966 vel
550 1920 765 1975 extemplo
788 1920 946 1965 ulcisci
971 1921 1039 1965 vel
1065 1921 1111 1965 in
1141 1922 1329 1977 posteris

93 1997 273 2054 punire3
304 2007 395 2042 non
417 1997 524 2042 satia
548 1995 759 2043 habebant
788 1997 977 2043 rationes
1011 2010 1063 2043 ex
1091 2000 1150 2043 rei
1176 2010 1327 2047 natura

89 2076 241 2120 ductas
257 2072 573 2130 proposuisse-‚3
604 2075 680 2119 aed
693 2105 711 2128 ‚
739 2084 788 2119 ut
806 2076 1024 2120 cumulate
1044 2066 1161 2120 ultro
1180 2089 1330 2131 ausce-

88 2161 170 2207 pto
196 2151 362 2196 muneri
389 2150 715 2207 satisfacerent,
744 2153 916 2198 alteram
943 2165 1122 2210 quoque
1153 2155 1330 2199 certitu·

89 2231 204 2277 dinis
235 2231 436 2287 opificem
466 2232 764 2288 experientiam
788 2234 834 2278 in
858 2233 1069 2278 auxilium
1091 2234 1322 2290 cogebant.

86 2307 173 2354 Hic
202 2321 305 2354 vero
329 2309 543 2364 quidquid
574 2310 629 2353 ad
660 2322 746 2353 rem
780 2308 921 2355 facere
953 2310 1167 2356 videretur
1201 2312 1328 2356 anxie

87 2387 399 2442 conquirebant
411 2386 714 2441 ,exemplaque
730 2387 863 2433 dubia
885 2398 927 2432 et
946 2401 1056 2444 quae
1079 2401 1207 2433 nemo
1226 2402 1320 2435 non

89 2463 135 2509 in
158 2472 383 2521 utramque
405 2474 569 2521 partem
604 2464 796 2523 accipere
826 2474 981 2520 posset
1004 2466 1319 2522 congerebant:

1250 2555 1333 2588 un·
