1624 3016
335 199 424 258 3¹⁴
515 188 751 242 nispm:
782 193 863 243 ne
893 191 1188 246 Aucromz
1217 195 1380 247 tum

342 317 426 364 lam
449 318 604 374 prodat
638 318 698 363 rei
724 319 976 376 propositae
1005 321 1189 378 ejusque
1216 331 1389 369 naturae
1410 319 1568 380 cogni«

342 398 503 442 tionem
519 427 538 453 ‚
565 407 716 443 contra
754 397 910 453 etiam,
941 400 1143 455 puerilem
1181 400 1489 457 ignorantiamt
1523 408 1576 445 ut

345 476 458 522 locis
490 478 830 533 communibus,
875 479 1170 534 sententlolm
1199 479 1398 526 flosculis
1430 492 1581 526 orato·

345 555 425 601 riis
442 555 616 602 aliunde
643 557 854 613 decerptis
880 559 1179 603 continentum
1211 566 1260 602 ut
1281 557 1584 616 philosophiae

346 645 645 693 argumentum
668 637 852 682 alienum
870 650 894 681 a
919 637 1074 693 puerili
1092 646 1228 682 aetate
1248 637 1454 694 arripiat,
1467 638 1586 697 ejus-

346 715 442 762 dem
466 715 753 761 laudationem
782 729 959 762 vacuam
982 716 1036 761 ab
1057 716 1177 762 omni
1204 716 1394 772 partium
1415 714 1585 774 sigulfi·

346 793 517 841 catione
545 808 597 841 ea
632 795 778 852 aliqua
810 795 922 842 forte
958 796 1226 853 protreptica
1258 797 1454 841 oratioue
1486 805 1588 841 sua·

346 886 516 934 ceptam
557 874 739 922 reserata
793 885 842 921 ut
873 875 1079 920 Isocratei
1120 877 1303 933 exempli
1337 890 1394 923 ex
1435 886 1590 934 genere

346 957 566 1013 ὖποδπιιῶ
599 964 643 1000 et
670 957 933 1012 rapa-eumn&
969 953 1152 1000 imitatio
1182 967 1412 1015 appareat:
1455 965 1591 1013 supra

349 1036 459 1081 satis
489 1033 773 1081 ostendimus.
832 1034 1029 1090 Denique
1059 1033 1276 1092 Epilogus
1303 1035 1451 1091 qualis
1482 1033 1590 1080 eat?

347 1114 479 1162 Plane
510 1113 683 1159 videtur
711 1113 936 1160 continere
969 1113 1162 1171 magistri
1201 1114 1446 1171 judicium,
1482 1114 1598 1161 acri-

348 1194 492 1254 ptioni
526 1193 733 1251 discipuli
764 1192 1091 1250 subscriptum:
1138 1191 1317 1239 omuino
1349 1204 1393 1239 et
1442 1193 1594 1240 habitu

351 1283 396 1319 et
428 1274 625 1320 oratione
657 1271 819 1318 accedit
841 1274 894 1318 ad
921 1271 1102 1318 formam
1126 1271 1380 1328 Plutarchi,
1411 1283 1594 1331 excepto

351 1366 444 1400 uno
466 1353 598 1398 verbo
621 1353 980 1409 συμπεριλαβεῖν,
1010 1352 1056 1397 in
1091 1364 1183 1414 quo
1214 1353 1254 1398 si
1290 1365 1381 1398 non
1405 1353 1598 1400 offenda·

347 1446 476 1489 nur,
505 1442 583 1479 aut
604 1433 644 1478 si
669 1432 716 1477 id
739 1445 764 1477 a
796 1432 1018 1488 discipulo
1047 1431 1294 1487 profectum
1315 1442 1586 1492 statuamuass

351 1514 530 1559 minime
571 1523 597 1557 a
636 1511 1012 1558 verisimilitudine
1063 1511 1291 1557 abhorrere
1335 1513 1554 1559 videbitur
1570 1544 1592 1571 ‚

354 1593 592 1650 Epilogum
616 1604 641 1636 a
659 1590 893 1636 Plutarcho
925 1592 1141 1648 adiectum
1168 1603 1278 1637 esse.
1336 1589 1487 1648 Itaque
1519 1605 1597 1640 cz-

353 1673 546 1729 emplum
567 1673 701 1730 hujus
724 1672 890 1717 chreiae
910 1667 1025 1717 forte
1046 1671 1156 1716 inter
1177 1669 1399 1716 Plutarchi
1431 1674 1595 1731 scripta

355 1754 534 1799 relatum
551 1782 572 1809 ‚
607 1764 706 1797 cum
743 1752 888 1807 iisque
919 1751 1005 1796 sub
1040 1753 1135 1810 ejus
1166 1752 1341 1798 nomine
1373 1753 1596 1811 vulgatum

352 1832 512 1879 faerit.
1076 1814 1085 1823 ’
1548 1885 1551 1887 ,

418 1913 540 1958 Itane
553 1942 570 1965 ‚
587 1911 702 1956 dicat
729 1911 857 1966 quis,
870 1910 1034 1955 nullam
1057 1910 1160 1955 hnic
1181 1910 1332 1956 libello
1353 1912 1493 1958 laudis
1512 1913 1600 1959 uti·

357 1992 586 2047 litatisque
617 2000 779 2046 partem
817 1989 1059 2045 relinquis?
1118 1989 1223 2034 Non
1246 1991 1443 2046 equidem
1473 1994 1603 2050 plane

360 2071 650 2130 abjiciendum
681 2082 896 2115 censeam.
958 2068 1010 2114 In
1042 2069 1205 2125 spuriis
1235 2070 1350 2116 haud
1376 2081 1601 2127 postremo

363 2163 433 2198 est
464 2154 594 2197 locor
627 2150 777 2195 melior
801 2158 844 2194 et
873 2148 1094 2204 antiquior
1123 2158 1192 2194 est
1227 2149 1317 2195 illis
1338 2150 1410 2194 De
1431 2152 1624 2198 Noua--

363 2242 488 2288 tate,
516 2231 588 2275 De
616 2231 817 2285 Fluviis,
845 2229 1174 2275 Parallclorum
1199 2228 1288 2276 Gr.
1309 2240 1352 2274 ct
1373 2231 1466 2287 R„
1494 2232 1604 2277 scri-

365 2311 628 2369 ptiunculiss
685 2310 828 2356 Habet
849 2311 1013 2354 laudem
1046 2318 1098 2353 ut
1124 2309 1408 2355 adolescentis
1429 2310 1568 2354 chreia
1583 2324 1602 2356 s

367 2391 494 2435 habet
518 2390 564 2435 in
593 2391 667 2435 illa
686 2390 896 2435 orationis
919 2388 1209 2434 mediocritate
1230 2401 1280 2434 ae
1303 2389 1520 2434 doctrinae
1542 2391 1604 2434 le-

371 2470 506 2514 vitate
527 2480 667 2515 tamen
689 2471 876 2525 aliquam
900 2469 1166 2525 cognitionis
1201 2469 1426 2512 utilitatem
1457 2479 1502 2512 et
1530 2470 1624 2527 jur

367 2550 631 2595 cunditatem
646 2582 664 2607 ,
695 2551 827 2596 semel
853 2551 1032 2608 legendo
1053 2549 1368 2607 percipiendam
1382 2580 1401 2605 ‚
1428 2562 1518 2595 non
1541 2562 1608 2594 re-

1534 2638 1612 2687 pe-
