1624 3016
279 128 608 179 HISTORIAE
638 126 721 173 AD
751 125 931 180 sTUD‚
963 123 1216 172 VIRTUT.
1285 138 1385 183 203*

137 259 223 305 hoc
243 263 370 309 utar,
402 253 441 299 si
475 251 684 297 medicina
717 260 837 294 recto
860 261 941 292 usu
963 249 1177 304 salutem,
1205 261 1382 306 perven-v

138 346 192 381 so
213 341 389 376 mortem
404 360 422 383 ,
443 327 633 381 adferat,
662 336 713 370 tu
738 338 827 376 eam
850 337 1029 380 prorsus
1053 324 1261 382 abjicies,
1288 308 1370 368 nec

140 423 311 468 operam
356 407 480 452 dabis
513 414 564 451 ut
598 406 692 462 ejus
737 404 900 449 bonum
936 402 1182 458 percipias,
1215 404 1378 451 malum

140 485 327 534 caveas?
383 485 457 530 Tu
480 484 600 528 illum
626 481 764 525 laudis
789 479 1015 524 stimulum
1036 480 1259 536 negliges?
1300 478 1380 525 Tu.

143 566 260 610 illam
290 563 468 613 virtutis
495 572 642 608 ansam
676 570 767 607 non
790 557 1111 613 apprehendes,
1142 559 1228 610 qua
1249 567 1380 612 natu..

145 656 216 691 rae
238 652 336 688 tuae
368 640 518 686 socios
540 636 733 683 homines
753 636 806 679 ab
828 635 999 691 ignavia
1022 635 1075 679 ad
1094 633 1382 689 industriam,

145 734 171 766 a
198 718 399 766 socordia
423 717 479 761 ad
502 726 648 760 verum
682 713 812 757 decus
831 712 1044 756 traducas.
1104 711 1219 770 Quis
1243 711 1384 756 Grae-

145 796 255 843 ciam
298 806 325 839 a
366 793 510 838 Xerxe
552 788 785 837 liberavit?
854 786 1167 833 Themistoclis
1200 788 1379 836 Virtus.

144 875 260 933 Quis
303 869 593 916 Themistocli
637 867 850 916 Virtutem
901 864 1090 926 indidit?
1166 865 1383 911 Miltiadis

143 948 372 999 aemulatio
407 960 456 994 ac
490 955 692 1002 tropaea,
723 955 832 999 quae
856 941 1042 988 dormire
1060 940 1184 985 illum
1207 954 1296 987 non
1319 943 1383 987 si-

146 1029 323 1077 nebant,
382 1026 503 1081 Ergo
532 1023 619 1070 nisi
648 1020 967 1067 Themistocles
1000 1019 1236 1065 semulatus
1264 1029 1383 1065 esset

147 1105 390 1151 Miltiadem
407 1135 422 1158 ,
453 1101 636 1150 Graecia
659 1099 840 1145 barbaro
864 1098 1104 1157 paruisset,
1133 1111 1213 1144 nec
1236 1100 1387 1146 auditu

146 1184 335 1230 fuissent
365 1181 595 1244 nobilitata
636 1177 830 1223 victoriis
873 1175 1049 1223 nomina
1090 1176 1310 1223 Artemisii
1341 1187 1389 1222 et

148 1261 400 1314 Salaminisg
442 1257 639 1315 periisset
673 1254 806 1308 item,
844 1266 922 1298 nec
960 1266 1164 1308 umquam
1193 1253 1389 1298 exstitis-

147 1347 242 1392 set,
272 1345 542 1393 posterorum
568 1331 722 1375 Virtus
757 1330 827 1380 his
851 1329 1127 1375 victoriarum
1158 1329 1387 1387 Exemplis

149 1425 191 1462 et
224 1413 424 1460 laudibus
453 1410 652 1456 excitata.
1400 1453 1403 1455 ,

205 1491 290 1537 Est
311 1502 414 1535 vero
435 1489 488 1533 ad
509 1485 727 1533 Virtutem
754 1484 799 1529 in
823 1484 973 1540 primis
993 1483 1218 1531 fructuosa
1240 1497 1388 1532 aemu-

79 1619 83 1625 ,
134 1573 285 1631 latio,
318 1580 428 1624 quae
449 1565 589 1611 oritur
613 1577 636 1608 e
658 1564 760 1610 vitis
793 1562 1007 1618 rebusque
1040 1575 1291 1619 magnorum
1321 1564 1388 1608 vi-

151 1662 296 1697 rorum
331 1646 671 1704 perdiligentem
694 1642 914 1687 Historiae
934 1641 1163 1690 lectionem
1196 1642 1388 1698 cognitis

153 1741 204 1778 ac
225 1723 479 1785 perspectis.
536 1721 678 1768 Habet
700 1720 813 1765 enim
838 1720 932 1770 vita
954 1719 1167 1776 eleganter
1183 1719 1390 1765 honeste·

156 1816 242 1862 que
276 1811 370 1847 acta
393 1812 488 1853 eum
523 1797 712 1844 Virtutis
746 1797 1045 1854 splendorem,
1076 1798 1154 1852 qui
1188 1798 1304 1842 ultro
1338 1810 1388 1843 se

155 1882 204 1927 in
233 1879 411 1932 animos,
432 1887 609 1925 nostros
645 1875 864 1930 insinuet,
903 1888 1068 1932 eosque
1103 1876 1155 1920 ad
1189 1877 1260 1921 sui
1294 1886 1387 1921 stu·

156 1958 275 2004 dium
298 1956 667 2008 imitationemque
696 1953 872 1999 alliciat.
933 1952 1083 2006 Hinc,
1114 1963 1164 1997 ut
1185 1952 1389 1999 acutissi-

156 2049 226 2080 me
259 2042 403 2079 monet
430 2032 713 2086 Plutarchus,
753 2030 964 2084 efficitur,
1007 2041 1057 2074 ut
1086 2043 1111 2075 a
1142 2031 1393 2087 cognitione

157 2115 211 2163 ad
235 2112 445 2158 actionem
481 2109 832 2166 progrediamur,
860 2108 1048 2164 illosque
1072 2107 1190 2154 viros
1223 2121 1392 2167 semper

160 2202 258 2240 ante
290 2191 445 2235 oeulos
480 2188 738 2239 habeamus,
769 2196 811 2230 et
844 2186 890 2233 iu
925 2185 1080 2240 quavis
1112 2196 1186 2230 aut
1220 2186 1391 2232 actione

158 2267 459 2324 suscipienda,
500 2275 574 2310 aut
609 2262 857 2310 conditione
891 2261 1143 2314 subeunda,
1183 2273 1266 2305 nos
1302 2260 1391 2318 ipsi

157 2346 296 2392 veluti
330 2346 667 2398 interrogemus,
710 2339 814 2394 quid
847 2340 932 2383 hoc
968 2338 1067 2384 loco
1103 2336 1278 2381 fecisset
1308 2336 1394 2382 So·
1462 2366 1474 2374 s

158 2422 330 2472 crates?
372 2421 479 2476 quid
505 2419 663 2471 Plato?
706 2417 813 2472 quid
843 2414 1199 2473 Epaminondas?
1265 2414 1393 2473 Quae

155 2511 240 2550 nos
259 2497 507 2548 exercitatio
539 2508 630 2547 non
658 2495 803 2544 solum
825 2494 880 2541 ad
910 2493 1039 2541 ardua
1069 2503 1306 2553 magnaque
1328 2492 1393 2540 fs-

1319 2579 1394 2618 cti
