1624 3016
381 90 622 140 PHILOS.
649 85 791 135 CUM
818 79 1125 131 LITTERIS.
1291 81 1379 130 119

139 214 361 270 Lockiua.
426 215 561 274 Quod
590 213 628 260 si
656 213 716 258 ita
747 221 843 267 eet,
886 208 986 264 quis
1022 205 1191 253 tandem
1223 207 1381 257 neget,

139 299 267 355 ejus,
306 293 384 350 qui
413 293 644 342 verborum
672 297 930 345 potestatem
962 294 1083 328 recte
1106 288 1274 330 teneat,
1303 287 1384 320 no·

145 374 285 417 tiones
317 382 407 415 non
442 380 573 423 vagas
591 397 607 420 ‚
638 366 714 410 sed
746 373 912 415 certas,
959 359 1067 404 fixas
1098 353 1385 405 definitasque

140 462 266 504 csse3
298 448 449 492 deinde
484 446 530 493 in
558 441 809 490 disserendo
836 436 1157 491 ambiguitatem
1176 463 1192 484 ‚
1219 438 1386 474 errores

141 537 186 571 et
206 524 497 582 logomachiaa
535 533 634 565 eum
659 517 832 563 felicius
860 515 1001 558 multo
1024 522 1152 566 quam
1174 507 1303 553 ceteri
1324 504 1390 550 ef-

141 603 291 660 fugere
325 614 474 658 posae.
543 596 686 652 Atqui
718 594 854 651 hujua
887 590 947 636 rei
968 587 1151 645 teptima
1188 583 1389 640 profecto

145 691 214 725 est
251 679 456 736 magistra
487 688 535 720 ea
565 672 754 718 critices
788 680 917 726 para,
958 678 1071 724 quae
1099 660 1392 708 Grammatica

144 763 353 808 vocatur,
398 763 507 807 quae
543 749 653 797 bene
685 746 892 803 loquendi
929 752 975 787 et
1011 740 1234 787 scribendi
1276 738 1392 784 viam

143 831 313 889 aperit,
342 829 474 884 idque
501 826 683 873 mxime
716 824 839 881 agit,
870 831 920 868 ut
949 818 1133 866 cuilibet
1162 818 1297 863 verbo
1322 817 1394 872 ju·

132 918 212 955 sta
235 906 537 963 descriptaque
562 904 690 949 notio
725 900 999 960 subjiciatur.

201 985 368 1031 Deinde
398 981 633 1040 elegantiae
664 978 948 1036 discipliane,
975 988 1074 1023 cum
1107 987 1180 1020 eaa
1213 986 1280 1019 rea
1303 984 1391 1020 tra·

141 1065 279 1117 dant,
309 1061 473 1118 quibua
508 1061 562 1105 ad
583 1057 903 1105 assentiendum
927 1066 1019 1102 non
1039 1052 1312 1100 Geometrica
1343 1049 1394 1096 v'i

146 1140 375 1197 cogimur,
420 1138 499 1183 red
534 1134 843 1193 probabilitate
875 1132 1161 1188 adducimur,
1197 1127 1395 1176 adauefa-

147 1215 272 1260 ciunt
302 1226 416 1268 noa,
460 1222 509 1257 ut
537 1211 731 1257 veritatis
766 1222 970 1255 numeros
1004 1207 1196 1264 undique
1220 1205 1397 1263 indage-

146 1307 280 1349 mus,
309 1303 352 1339 et
379 1291 555 1349 quid‚in
579 1301 807 1346 utramque
830 1299 993 1346 partem
1024 1286 1114 1333 dici
1138 1286 1310 1344 poasit,
1339 1284 1387 1331 id

146 1384 278 1419 omne
299 1370 394 1416 suia
427 1369 657 1415 momentis
678 1368 988 1424 ponderemus.
1047 1365 1170 1422 Quae
1203 1362 1316 1407 ratio
1339 1370 1392 1405 ut

147 1451 197 1494 in
219 1446 337 1494 omni
361 1444 652 1491 doctrinarum
676 1455 827 1499 genere
846 1443 1060 1496 multum,
1090 1441 1156 1487 aie
1176 1441 1222 1485 in
1241 1438 1393 1485 Philo·

151 1523 307 1580 sophia
340 1520 573 1579 pluri-mum
598 1520 728 1565 valet.
796 1519 915 1563 Cum
947 1518 1061 1563 enim
1092 1517 1254 1572 duplex
1294 1516 1388 1574 q'us

149 1604 198 1649 in
219 1601 455 1658 indaganda
482 1598 661 1646 veritate
683 1597 741 1642 sit
770 1608 958 1651 munus,
986 1595 1174 1653 primum
1206 1605 1259 1640 ut
1292 1606 1391 1647 rea,

153 1691 268 1737 quae
287 1678 371 1724 sub
401 1688 559 1724 aeneus
585 1676 774 1729 cadunt,
804 1674 1030 1731 diligenter
1054 1672 1324 1728 consideret,
1346 1683 1394 1717 et

153 1757 261 1814 quid
278 1757 440 1812 cuique
462 1754 568 1800 insit
591 1763 752 1799 attente
775 1752 976 1799 observet
1000 1762 1131 1809 atque
1149 1753 1358 1797 examinet
1371 1766 1393 1806 3

143 1834 330 1877 alterum
366 1840 417 1876 ut
460 1830 765 1887 cogitationem
798 1842 823 1874 a
853 1828 984 1875 rebua
1019 1827 1303 1873 sensibilibus
1339 1826 1396 1871 ad

155 1920 222 1952 res
246 1906 538 1963 intelligibiles
573 1903 831 1961 transferat,
858 1906 1004 1964 juataa
1032 1914 1255 1958 certasque
1278 1902 1395 1948 effin-

153 1993 228 2042 gat
271 1982 504 2036 notionea,
543 1980 863 2039 perspiciatque
898 1980 1120 2038 quomodo
1158 1992 1259 2025 cum
1298 1979 1395 2023 aliia

152 2071 372 2105 connexae
397 2059 513 2113 sint;
546 2071 637 2104 non
665 2059 791 2104 video
825 2059 1048 2114 quomodo
1067 2057 1252 2103 feliciter
1274 2058 1320 2103 in
1343 2069 1396 2104 eo

155 2149 305 2194 genere
329 2138 488 2183 versari
524 2137 623 2192 quis
657 2136 833 2193 possit,
861 2137 948 2183 nisi
977 2149 1066 2182 eam
1101 2138 1216 2186 viam
1241 2150 1400 2192 sequa·

157 2223 259 2268 tur,
296 2227 424 2269 quam
458 2214 624 2264 Critica
661 2213 932 2270 praescribit·
990 2213 1103 2264 Nam
1133 2214 1274 2270 primo
1304 2215 1404 2268 qui-

157 2290 252 2334 dem
276 2301 364 2334 non
388 2299 542 2334 temere
562 2288 743 2335 cuilibet
766 2290 1025 2334 assentietur
1043 2291 1133 2345 rei,
1165 2292 1241 2335 sed
1261 2304 1402 2335 rerum

156 2366 479 2422 abstrusarum,
507 2366 556 2411 in
585 2376 700 2426 *quas
738 2377 785 2409 se
818 2364 999 2412 immisit
1009 2397 1029 2423 ,
1066 2367 1402 2427 magnitudinem

780 2442 824 2486 H
853 2457 881 2498 4
1352 2458 1404 2489 ac
