1624 3016
0 1402 9 1605 zv-v———<-<v
0 1375 2 1378 -
0 1293 1 1296 „
0 1147 5 1224 uvqr«.
2 1115 3 1118 „

298 176 382 231 nn
408 171 1207 229 Pussltonumnouclmonm
1295 186 1381 233 ⁵05

144 315 327 368 propter
359 306 470 350 hanc
505 304 713 350 orationis
746 303 998 348 brevitatem
1033 300 1152 345 hnnc
1183 299 1379 344 libellum

125 427 132 435 ,
152 399 179 431 a
195 384 430 430 Plutarcho
448 384 531 440 iam
558 381 727 426 seniore
749 380 958 436 scriptum
979 378 1227 423 censentis?
1247 402 1249 404 -
1266 377 1391 436 Quiri

148 461 293 514 aliud,
316 461 400 504 nisi
421 458 712 505 adolescentis
730 457 870 500 fnisse
887 457 1011 500 istam
1031 456 1278 510 opinionem
1292 456 1390 500 nul·

147 537 198 582 lo
214 537 352 581 adhuc
371 550 454 581 usu
463 535 737 582 Plutarchue
757 532 1015 588 scriptionis
1034 531 1220 576 subacti.
1250 534 1392 578 Haec-

155 613 252 659 cine
277 613 410 659 fuerit
439 611 657 658 Plutarchi
693 619 920 663 senectus,
953 620 1039 652 tam
1070 610 1235 654 diversa
1257 613 1394 665 stilo,

151 700 240 738 tam
276 703 414 736 rerum
438 688 605 745 inops?
663 687 722 732 Et
755 686 1067 731 adolescentiae
1099 695 1143 730 et
1177 688 1392 735 senectuti

154 771 251 827 ipsa
282 779 432 815 natura
467 776 510 812 et
549 777 664 811 aetas
699 766 835 813 adfert
873 767 1219 812 redundantiamz
1249 767 1316 812 illi
1347 769 1394 813 in

155 847 330 901 verbis,
360 844 541 902 figuris,
571 854 615 888 et
649 843 954 889 sententiarum
987 843 1255 889 luminibust
1289 844 1395 890 hnic

156 923 208 970 in
229 921 635 968 commemoratione
662 933 798 966 rerum
830 922 1260 977 admonitionumque
1279 923 1350 968 vel
1371 936 1402 970 a

161 998 381 1045 doctrinae
420 998 596 1055 copiis,
625 999 695 1043 vel
716 999 770 1042 ab
793 998 1082 1065 experientiae.
1093 998 1398 1047 observatione

161 1073 420 1136 oblatarum.
467 1074 707 1138 'Rhetorica
731 1074 931 1120 videntur
946 1087 970 1119 a
989 1076 1147 1131 juvene
1164 1074 1399 1129 Plutarcho

159 1159 364 1196 tractata:
392 1151 610 1209 juveniles
645 1151 744 1196 item
771 1162 876 1196 sunt
904 1150 1167 1208 scriptiones
1201 1149 1401 1196 Consola-

160 1230 224 1271 τέο
258 1227 322 1271 ad
344 1228 648 1286 Apollonium,
677 1239 719 1273 et
747 1229 1035 1288 Reprchmeio
1069 1229 1307 1276 Herodoti:
1333 1241 1404 1275 se-

157 1304 264 1351 nilis
278 1330 294 1358 ,
324 1318 378 1350 ne
411 1305 515 1351 alias
553 1306 688 1351 dicam
702 1337 720 1361 ,
751 1307 826 1349 An
858 1308 950 1351 seni
970 1305 1164 1364 gerenda
1187 1309 1245 1351 sit
1266 1306 1399 1365 Καρ.

69 1428 77 1444 ,
159 1381 208 1442 in
231 1383 429 1438 utrisque
453 1393 596 1429 tamen
619 1385 893 1430 Plutarchum
917 1397 1155 1441 agnoscas,
1184 1398 1282 1429 cum
1307 1386 1404 1432 aliis

158 1458 206 1503 in
235 1458 457 1516 partibus,
489 1470 581 1505 tum
605 1460 651 1506 in
681 1462 976 1507 redundantia.
1033 1461 1232 1507 Platonis
1265 1462 1403 1510 libros

159 1532 232 1577 Dc
264 1532 451 1592 Legibus
468 1566 485 1588 ‚
527 1536 731 1580 Isocratis
782 1536 1188 1593 Panamara-am,
1229 1538 1405 1583 Libanii

159 1611 395 1657 orationem
427 1612 498 1657 De
518 1614 627 1658 Vita
650 1614 742 1658 Sua
759 1646 776 1668 ‚
806 1625 854 1659 ut
881 1614 1108 1661 Ciceronis
1134 1616 1404 1671 aliorumque

159 1687 323 1745 scripta
357 1702 410 1735 ne
435 1703 694 1737 memoremt
731 1692 814 1736 hos
842 1692 974 1748 igitur
1008 1692 1173 1748 libros,
1203 1693 1405 1749 quamvis

159 1766 215 1809 ab
238 1767 487 1813 auctoribus
521 1778 730 1825 provecta
753 1769 945 1826 scriptos
970 1781 1136 1827 aetate,
1168 1772 1267 1827 quis
1291 1773 1407 1817 dicat

164 1844 372 1890 orationis
407 1847 768 1904 compositionem
793 1847 948 1894 habere
968 1850 1217 1895 adstrictam
1241 1860 1286 1895 et
1302 1863 1409 1897 con-

158 1907 331 1967 ‘cisami

223 1999 307 2042 Sed
330 2012 419 2054 quo
434 1999 573 2059 magis
591 2003 799 2049 orationis
818 2004 1113 2061 dictionisque
1130 1994 1409 2053 Plutarchetc

167 2090 390 2135 germanae
425 2093 466 2126 et
494 2082 665 2139 spuriae
682 2083 969 2129 diversitatem
998 2086 1101 2140 quis
1122 2088 1307 2142 sentiat3
1338 2088 1412 2132 ha·

172 2155 268 2200 beat
292 2157 434 2213 primo
451 2159 725 2204 Plutarcheae
747 2162 1104 2208 consuetudinem
1126 2173 1168 2207 et
1192 2161 1412 2211 familiari-

170 2240 298 2276 tatem
313 2264 329 2287 ‚
368 2234 723 2282 Plutarcheorum
772 2238 980 2283 librorum
1021 2240 1207 2286 lectione
1239 2254 1411 2290 contra·

168 2319 307 2354 ctam:
341 2310 493 2357 deinde
530 2314 642 2370 legat
667 2327 744 2359 eos
768 2316 896 2372 hujus
919 2318 1056 2362 libelli
1079 2320 1232 2374 locos,
1264 2321 1340 2376 qui
1365 2323 1409 2367 in

178 2387 292 2431 veris
322 2387 543 2437 Plutarchi
580 2391 706 2436 libris
739 2392 841 2437 item
875 2404 1101 2441 narrantur
1119 2406 1162 2440 et
1183 2409 1412 2453 exponun-

128 2448 134 2484 ἦ
170 2470 271 2516 tur,
305 2474 346 2507 et
376 2475 582 2522 utrosque
602 2468 784 2513 invicem
820 2484 1066 2526 comparem
1103 2477 1284 2531 reperiet
1312 2491 1414 2533 pro·

134 2608 137 2611 ἱ
160 2537 317 2610 fecto,
335 2552 411 2586 eos
436 2555 525 2590 non
538 2545 682 2592 minus
707 2548 814 2593 stilo
839 2559 881 2593 et
904 2550 1115 2607 oratione,
1129 2565 1259 2611 <luam
1285 2557 1414 2602 rebus

1378 2644 1420 2679 et
