1624 3016
311 172 492 225 vvrA
545 172 605 222 n.
657 159 1100 226 RUHN'KE'NHL
1241 166 1330 235 ‘525

98 304 225 361 nine,
256 304 362 349 etin
387 315 432 348 re
450 300 556 347 satis
579 303 722 356 lauta3
752 300 851 346 'nam
875 311 994 356 pater
1018 313 1178 347 munus
1201 289 1331 348 Senl'·

92 384 206 438 teti,
235 384 355 438 quod
384 391 452 425 est
473 379 681 437 praetoris
705 379 943 433 rusticani,
975 379 1141 433 gessit,
1172 389 1249 424 nec
1282 378 1327 424 in

88 465 351 516 liberorum,
382 473 494 517 quos
519 461 662 515 piures
694 458 900 511 habebat,
931 457 1208 503 institutione
1231 472 1331 516 path

89 555 173 590 cus
208 541 310 586 fult·
374 540 442 584 Ex
474 539 544 582 his
578 535 765 582 Davides
801 536 1010 590 puerulus
1031 549 1167 590 quum
1191 547 1232 580 et
1251 535 1336 581 do·‘

90 621 180 675 mi,
213 629 254 663 et
278 620 322 662 in
348 614 540 673 magistri
572 613 704 667 ludo,
734 612 891 656 indicia
918 612 1078 667 ingenii
1102 625 1151 655 ac
1174 613 1330 657 docili·

89 699 192 744 tatis
215 700 362 751 daret,
390 708 413 738 a
435 690 682 750 parentibus
705 689 864 734 studiis
885 689 1151 743 destinatur,
1173 688 1217 732 id
1233 700 1328 744 est,

87 776 300 835 eJusmodi
330 773 443 817 vitae
473 765 828 827 eujussubsidia
850 777 1056 823 parantur
1088 763 1326 810 factitanda

86 864 176 899 arte
199 850 450 896 doctrinave
480 860 532 892 ex
563 857 707 891 earum
736 854 914 900 genere,
947 842 1069 897 quod
1092 842 1138 886 in
1161 843 1326 887 Acade-

85 931 210 975 micis
243 927 407 972 scholis
446 924 655 968 disciturt
690 931 823 966 matre
857 920 903 964 in
930 919 1079 975 primis
1117 919 1203 964 hoe
1228 915 1327 975 pros

85 1006 218 1051 bante
253 1001 483 1048 consilium
510 1012 552 1044 et
583 999 816 1051 suadente,
848 1008 899 1040 ut
922 1008 1031 1052 puer
1055 996 1110 1041 ad
1133 995 1328 1040 Tbeolo-

86 1083 199 1141 giam
222 1081 545 1134 institueretur;
577 1090 700 1130 nam,
732 1085 783 1120 ut
808 1075 954 1120 solent
976 1074 1200 1130 religiosae
1227 1085 1326 1118 mu-

86 1162 212 1207 lieres
230 1193 244 1214 ‚
275 1161 334 1204 ita
361 1160 528 1203 demum
553 1169 600 1201 se
621 1154 883 1199 fortunatam
914 1151 1008 1197 fore
1027 1161 1200 1196 matrem
1220 1164 1322 1197 een-

82 1236 235 1291 sebat,
268 1235 304 1280 si
341 1235 476 1279 fllium
506 1231 738 1288 aliquando
776 1242 903 1274 suum
930 1230 955 1275 e
980 1241 1098 1275 saera
1125 1230 1323 1274 cathedra

82 1314 411 1359 concionantem
438 1312 617 1356 videret.
649 1309 769 1363 Ergo
787 1321 893 1362 puer
912 1321 1003 1364 quo
1026 1308 1161 1362 magis
1171 1308 1325 1352 eitius·

82 1402 167 1445 que
178 1390 399 1445 proficeret
412 1419 428 1442 ‚
446 1386 683 1432 traditurin
698 1385 969 1439 disciplinam
990 1385 1163 1429 scholae
1173 1385 1324 1429 Selila-

79 1467 229 1510 vensis
246 1496 262 1519 ‚
292 1466 364 1509 eui
387 1473 481 1509 tum
506 1473 696 1520 praeerat
718 1461 1006 1516 Knlephofius
1022 1493 1038 1515 ‚
1070 1462 1145 1516 qui
1168 1472 1318 1514 postea

81 1542 331 1588 Coslinensi
343 1541 527 1597 praefuit
549 1542 723 1586 scholae
736 1571 753 1594 ‚
773 1540 839 1583 vir
857 1552 955 1583 cum
971 1539 1144 1583 aliarum
1158 1538 1323 1582 doetri-

79 1630 230 1665 narum
267 1618 549 1674 probabiliter
573 1620 769 1674 peritus,
794 1626 887 1662 tum
909 1616 1087 1662 Latinae
1112 1616 1321 1661 orationis

77 1700 140 1744 ita
176 1700 430 1755 studiosus,
459 1709 509 1744 ut
540 1709 581 1744 et
620 1712 749 1744 sensu
784 1700 878 1756 ejus
914 1698 1070 1742 valeret
1103 1707 1144 1740 et
1179 1708 1322 1741 amore

79 1777 302 1831 flagraret,
321 1789 507 1831 eumque
525 1789 698 1821 sensum
725 1787 767 1820 et
792 1787 974 1819 amorem
999 1787 1098 1818 eum
1127 1774 1321 1828 discipu·

78 1851 165 1904 lis,
197 1850 243 1894 in
268 1850 428 1905 quibus
465 1851 635 1906 quidem
654 1851 893 1895 venustatis
917 1851 1121 1905 quaedam
1154 1850 1320 1894 indoles

78 1927 269 1979 inesset,
298 1927 649 1973 communicaret.
704 1927 802 1971 Hoc
834 1937 927 1971 tom
952 1940 1094 1971 amore
1117 1928 1320 1971 incensus

80 2015 146 2047 est
181 2003 467 2047 Ruhnkenlus
499 2016 629 2059 puerz
654 2005 738 2048 hoc
773 2004 810 2047 ei
844 2003 931 2048 fuit
949 2003 1155 2057 initium,
1178 2017 1203 2047 a
1230 2015 1321 2058 quo

79 2082 135 2126 ad
158 2093 325 2126 omnem
357 2080 596 2127 Literarum
633 2083 921 2128 excellentiam
958 2072 1319 2138 proficisceretur.

87 2169 92 2175 ·
141 2159 222 2201 Est
256 2158 358 2202 haee
391 2158 657 2215 ingeniorum
690 2169 951 2212 naturaeque
986 2158 1091 2212 lex,
1123 2167 1172 2202 ut
1194 2170 1321 2203 nemo

84 2233 317 2287 quisquam
343 2233 432 2277 ulla
453 2234 499 2277 in
525 2243 613 2278 arte
641 2236 890 2279 doctrinave
921 2234 1124 2278 excellere
1147 2235 1322 2290 possit,

83 2310 171 2355 nisi
203 2310 275 2353 cui
300 2311 379 2354 tria
411 2310 515 2356 haec
550 2312 723 2366 adsint,
754 2312 950 2365 indoles,
980 2306 1200 2365 studium,
1227 2312 1318 2357 via.

82 2388 168 2431 Sed
190 2388 411 2442 studium,
443 2400 489 2432 ut
516 2390 748 2444 plurimum
773 2390 913 2444 valet,
947 2389 1006 2432 ita
1026 2388 1223 2444 plurimis
1248 2390 1322 2433 de·

82 2474 167 2522 est.
236 2465 351 2511 Nam
388 2466 572 2511 indolem
607 2468 679 2513 dat
709 2478 902 2532 natur-22,
933 2474 1059 2533 auget
1093 2465 1322 2520 studium,

87 2541 205 2587 acuit
223 2542 319 2591 viat
343 2555 482 2599 neque
500 2542 587 2589 fere
608 2545 838 2600 quisquam
857 2543 1045 2605 est-,eui
1062 2552 1210 2589 natura
1234 2556 1324 2617 non

324 2622 332 2630 '
1256 2620 1328 2662 de·
