1624 3016
305 168 415 236 '5³²-
538 158 722 208 νιτΛ
766 160 828 207 n.
877 159 1334 215 Ruunxssmt.
1429 165 1436 171 ·

314 286 402 342 ipsi
425 284 601 339 aliquod
618 283 836 340 Antiquae
859 286 1205 343 venustiorisque
1228 290 1445 336 doctrinae
1469 300 1559 349 pu.

310 362 462 410 bulum
490 359 752 415 praeberent.
811 359 1007 405 Vicinam
1034 363 1253 419 ingressus
1285 367 1545 423 saxoniam,

311 438 432 492 venit
467 436 787 493 Wittebergam.
833 439 977 482 Huius
1007 439 1128 484 urbis
1153 441 1421 502 Academiam
1452 446 1542 488 duo

311 519 420 556 tunc
448 513 655 557 ornabant
683 523 947 569 praestantes
981 516 1176 560 doctrina
1210 517 1321 572 viri,
1355 518 1428 575 Jo.
1458 521 1546 566 Ds-

311 595 402 641 niel
429 594 650 650 Ritterus,
677 595 796 651 Juris
830 595 1136 652 Historiaeque
1169 600 1312 644 omnis
1342 601 1551 655 peritis-l·

314 654 445 724 mus,
473 680 515 714 et
540 669 612 726 Jo.
648 670 910 716 Guilielmus
944 672 1187 730 Bergerus,
1217 675 1263 719 in
1287 676 1552 731 Eloquentia

313 757 359 806 et
378 748 677 803 Antiquitate‚
707 748 752 793 in
777 751 927 804 primis
948 750 1170 807 Romana,
1198 754 1551 812 versatissimus,

313 835 494 879 uterque
518 826 754 881 scriptisin
778 827 1000 882 publicum
1018 829 1143 873 editis
1166 830 1552 878 celebratissimus.

314 905 602 950 Ruhnkenius
632 907 707 961 qui
723 907 810 963 jam
834 906 878 950 in
905 908 1058 962 puerili
1082 908 1355 954 institutione
1374 910 1549 956 Oratio-

315 995 394 1027 nes
414 984 607 1037 aliosque
629 982 799 1040 Bergan-i
828 983 964 1027 libros
995 986 1309 1042 cognovisset,
1336 999 1552 1044 magnam·

318 1075 404 1117 que
429 1064 523 1119 ejus
558 1062 878 1109 admirationem
902 1064 1208 1120 concepisset,
1238 1077 1334 1110 eum
1361 1066 1451 1111 adit
1485 1079 1555 1112 sa·

312 1140 518 1184 lutatum.
572 1140 656 1184 Hic
688 1141 996 1201 adolescentem
1030 1142 1211 1187 comiter
1241 1143 1432 1200 excipit,
1458 1144 1558 1201 eju·

315 1231 402 1274 que
421 1218 645 1273 colloquio
674 1230 723 1264 ac
747 1218 943 1264 doctrina
966 1219 1199 1264 delectatus
1218 1251 1235 1275 ,
1260 1220 1432 1267 Rittero
1453 1232 1555 1267 eum

312 1295 549 1350 conciliat,
604 1295 783 1340 alterum
826 1296 999 1340 alterius
1032 1296 1281 1352 cognitione
1329 1298 1507 1354 dignum
1532 1330 1553 1353 ‚

318 1382 364 1416 et
401 1372 575 1427 utrique
604 1372 679 1417 illa
713 1372 1015 1419 conciliatione
1056 1383 1223 1429 gratum
1253 1386 1302 1419 se
1334 1373 1551 1420 facturum

314 1450 530 1506 iudicans.
588 1450 708 1506 Ergo
725 1462 859 1494 unum
885 1451 1120 1494 alterumve
1139 1451 1251 1495 diem
1274 1450 1343 1495 his
1365 1462 1464 1495 cum
1487 1450 1553 1496 vi·

315 1533 381 1576 ris
400 1532 465 1577 sic
489 1545 573 1576 una
592 1530 678 1576 fuit
707 1542 758 1576 ut
787 1531 980 1577 vicissim
1013 1541 1294 1588 caperentur,
1322 1533 1481 1589 etipse
1498 1531 1555 1577 ii-

312 1609 460 1655 lorum
486 1609 774 1654 benivolentia
796 1622 845 1654 se
872 1599 1107 1663 doctrina,'
1126 1618 1169 1653 et
1188 1608 1254 1653 illi
1275 1608 1417 1664 ipsius
1436 1609 1558 1666 inge-

317 1685 396 1734 nio
418 1695 464 1728 et
478 1685 714 1740 elegantia:
744 1684 840 1740 ipse
861 1684 1023 1730 abitum
1043 1685 1096 1728 de
1116 1684 1184 1729 die
1202 1685 1248 1729 in
1277 1685 1388 1730 diem
1411 1684 1557 1730 differ·

317 1775 391 1817 re,
422 1762 712 1816 Wittebergae
742 1772 910 1804 manere
930 1760 1084 1814 malle,
1113 1772 1193 1804 nec
1212 1771 1353 1806 tamen
1371 1746 1553 1816 iudei-e,

317 1850 374 1900 ne
403 1847 630 1892 parentum
663 1836 927 1880 voluntatem
952 1833 1161 1879 fefellisse
1179 1836 1423 1881 videretur:
1452 1835 1548 1891 illi,

317 1925 373 1961 ut
404 1924 617 1968 maneret,
657 1925 833 1969 optare,
872 1925 951 1959 nec
975 1922 1120 1958 tamen
1162 1914 1339 1958 suadere
1372 1914 1480 1960 velle
1507 1915 1556 1970 id

320 1992 444 2048 quod
455 2022 473 2046 ,
483 1990 569 2035 nisi
589 1989 816 2034 confutata
835 1990 1008 2046 pietatis
1029 1990 1236 2046 opinione
1247 2021 1265 2044 ‚
1278 1991 1444 2035 suaderi
1462 2001 1555 2036 non

317 2078 488 2127 posset.
544 2066 735 2112 Tandem
760 2067 856 2122 ipse
871 2065 1198 2121 Ruhnkenius‚
1226 2065 1467 2119 rationibus
1488 2077 1556 2109 se·

318 2159 420 2191 cum
447 2146 646 2202 agitatis,
677 2145 989 2190 dubitationem
1026 2144 1145 2189 tollit
1160 2175 1179 2199 ,
1207 2145 1438 2191 constituit
1465 2157 1557 2190 ma-

318 2236 448 2277 nere,
477 2234 518 2266 et
538 2222 770 2267 consilium
804 2222 1054 2277 parentibus
1083 2220 1285 2278 probare.
1344 2221 1406 2266 Et
1425 2220 1555 2267 facile

317 2297 539 2354 probavit.
595 2294 709 2340 Nam
747 2297 867 2349 quod
901 2295 1155 2353 parentibus
1197 2297 1479 2350 ostendebat,
1505 2307 1554 2339 se

320 2373 398 2427 id,
425 2374 552 2430 cujus
576 2385 733 2417 caussa
754 2373 1032 2430 Goettingam
1060 2385 1250 2429 peteret,
1282 2373 1456 2419 uberius
1474 2372 1554 2416 eti.-

320 2437 388 2491 am
428 2448 714 2507 Wittebergae
737 2451 898 2495 discere
938 2464 1101 2507 posse,
1141 2462 1335 2508 parentes
1361 2450 1554 2508 judicate

317 2537 411 2592 non
440 2537 665 2583 poterant:
700 2538 742 2574 et
763 2530 976 2575 malebant
997 2529 1146 2584 filium¹
1156 2528 1339 2587 propius
1353 2528 1548 2595 abesse,

1460 2617 1559 2650 mo-
