1624 3016
273 203 367 259 soo
465 192 695 243 οιιΑτιο
723 189 806 240 DE
828 183 1312 255 'conjuncmmz

337 321 624 367 Transeamus
657 321 710 366 ad
737 319 986 373 Romanos,
1019 321 1132 376 apud
1161 331 1276 376 quos
1307 319 1512 366 Philoso-

278 394 407 452 phiae
433 394 687 439 incrementa
723 392 873 441 lisdem
909 394 1147 440 intervallis
1167 396 1368 442 distincta
1389 376 1513 442 virle-

278 472 442 518 bimus.
498 471 667 518 Etenim
702 485 802 518 cum
838 473 892 518 ab
917 472 1037 518 Urbe
1060 473 1248 518 Condita
1269 473 1503 518 continuus

276 548 381 594 belli
406 559 704 604 annorumque
725 549 931 605 strepitus
955 549 1101 594 Musis
1127 561 1293 595 omnem
1316 550 1510 605 praeclu-

277 626 411 672 sisset
431 625 595 670 aditum
610 656 628 680 ‚
650 625 833 683 primum
858 624 1019 671 Livius
1039 627 1317 672 Andronicus
1338 625 1512 674 fabulas

277 706 503 762 docendo,
532 716 637 762 post
659 703 858 751 Naevius
872 737 889 761 ,
917 706 1095 751 Plautus
1117 716 1159 751 et
1182 706 1354 752 Ennius
1370 737 1388 761 ,
1418 706 1514 751 Ro·

277 793 503 828 manorum
533 780 800 840 ingeniorum
838 781 1036 826 duritiem
1071 782 1335 827 carminibus
1368 783 1514 827 molli·

277 870 354 912 re,
393 868 524 913 esque
555 858 610 902 ad
647 857 902 901 hilaritatem
949 858 1198 913 traducere,
1236 868 1365 913 atque
1401 858 1510 903 adeo

275 934 584 991 Philosophiae
625 943 668 979 et
698 933 810 978 viam
851 934 1015 979 munire
1047 944 1089 978 et
1125 935 1259 980 facem
1301 934 1509 992 praeferre

277 1016 527 1070 coepemnt.
604 1011 737 1070 Quod
769 1011 1004 1056 clarissime
1033 1012 1198 1068 eluxit,
1240 1024 1338 1058 cum
1373 1013 1509 1058 Athe-

279 1086 492 1139 niensium
519 1088 646 1143 legati
666 1087 931 1142 Carneades,
959 1088 1177 1144 Diogenes
1199 1098 1240 1131 et
1258 1086 1510 1145 Critolaus,

276 1163 407 1208 trium
429 1161 736 1218 Philosophiae
777 1163 1023 1207 scholarum
1049 1162 1296 1219 principes,
1325 1162 1510 1209 Roman

277 1242 516 1288 venisseut.
576 1242 633 1286 Hi
657 1242 767 1287 enim
805 1253 906 1288 cum
938 1254 1085 1299 magna
1106 1242 1349 1298 eloquentia
1385 1253 1508 1288 suan

276 1329 476 1365 mussan
506 1318 551 1363 in
580 1318 740 1364 Senatu
775 1329 1071 1376 perorassent,
1116 1321 1221 1363 adeo
1256 1319 1371 1376 cepit
1405 1320 1522 1376 haee

278 1398 471 1442 suavitas
493 1396 717 1443 Romano·
734 1398 946 1455 juvenes,
977 1409 1027 1440 ut
1057 1396 1360 1441 nobilissimus
1390 1393 1515 1451 quis·

277 1480 366 1528 que
398 1473 587 1518 maximo
618 1474 765 1518 studIo
797 1475 963 1519 ad'eos
994 1474 1227 1518 audiendos
1261 1473 1508 1528 advolaret,

277 1557 321 1594 et
351 1550 472 1595 brevi
503 1560 620 1596 tanta
658 1564 805 1597 eorum
854 1553 1029 1597 scholae
1071 1552 1383 1595 celebrarentur
1422 1549 1513 1594 fre·

279 1627 483 1681 quentia,
513 1636 563 1670 ue
598 1637 792 1672 metuens
824 1627 892 1672 M.
917 1627 1099 1672 Porcius
1135 1627 1276 1680 Cato,
1304 1638 1359 1670 ne
1385 1626 1510 1683 juve-

275 1717 408 1751 venes
438 1707 643 1761 paulatim
665 1721 690 1749 a
710 1707 868 1751 veteris
898 1706 1154 1761 disciplinae
1186 1704 1408 1749 severitate
1434 1703 1510 1748 de-

276 1783 540 1838 sciscerent,
576 1792 729 1827 auctor
760 1793 873 1826 esset
900 1782 1106 1837 Senatui,
1139 1792 1189 1826 ut
1214 1779 1511 1835 Philosophus

275 1859 463 1905 honeste
487 1862 664 1904 domum
703 1859 962 1912 remitteret,
990 1869 1032 1902 et
1062 1861 1154 1914 lege
1183 1860 1270 1901 lata
1292 1858 1448 1902 horum
1469 1864 1517 1900 et

278 1947 495 1982 oratorum
522 1938 696 1982 scholas
721 1937 826 1980 urhe
846 1935 1114 1991 prohiberet.
1171 1934 1359 1989 Verum,
1389 1946 1513 1990 spar-

278 2014 343 2058 sis
375 2015 505 2059 semel
539 2014 585 2059 in
616 2013 911 2058 Romanorum
946 2012 1116 2068 ingenia
1147 2011 1218 2055 his
1246 2011 1514 2066 seminibus,

278 2102 511 2146 generosos
555 2102 703 2135 eorum
749 2091 936 2146 impetus
971 2089 1198 2145 reprimere
1224 2089 1339 2132 haud
1369 2088 1518 2143 potuit

277 2167 388 2223 legis
421 2168 640 2223 iniquitas.
701 2167 819 2226 Quin
842 2166 982 2212 Laelii
1011 2176 1056 2211 et
1085 2163 1306 2222 Scipionis
1327 2165 1529 2209 auctori...

277 2251 366 2288 tate
391 2243 621 2288 restitutus
654 2252 724 2303 est
752 2255 862 2287 suus
893 2241 1200 2298 Philosophiae
1243 2241 1410 2297 hones3
1438 2253 1519 2287 ne·

278 2312 367 2373 que
393 2319 448 2363 ab
482 2331 536 2364 eo
566 2330 760 2375 tempore
795 2329 988 2375 repertus
1034 2329 1103 2363 est
1136 2317 1264 2362 facile
1289 2317 1518 2363 Romanus

279 2394 386 2448 quin
418 2395 551 2438 alicui
594 2396 961 2451 Philosophorum
1002 2395 1190 2439 familiae
1216 2398 1379 2439 'nomeu
1413 2405 1533 2448 open

279 2482 457 2530 nmque
489 2473 620 2519 daret.
678 2473 912 2518 Mittamus
948 2473 1060 2527 alia,
1090 2473 1176 2518 hoe
1204 2483 1337 2516 unum
1370 2470 1530 2515 ohser·‚

1421 2558 1523 2592 vasu-
