1624 3016
306 188 391 232 80)
552 172 896 227 vitumno
920 186 987 225 tx
1012 176 1309 228 znrrmm!

624 367 1004 411 cAPur
1100 366 1227 411 111.

303 504 505 552 Historla
533 504 671 550 studii
699 519 729 548 a
747 504 966 563 prioribus
987 501 1380 560 infrequentatum
1404 502 1527 549 eden·

509 578 657 639 disque
685 579 960 625 Plutarchcis
988 579 1165 638 scriptis
1187 580 1333 638 positi.

687 719 1051 759 szcrlo
1130 719 1159 758 Ι.

358 834 478 875 Index
502 833 736 884 Scriptorum
760 832 898 871 veteris
923 838 962 870 et
986 829 1099 869 meda'u'
1121 834 1211 870 aem·
1225 859 1238 877 ‚
1262 830 1369 883 apud
1388 844 1476 885 qum

406 901 612 946 Plutarchi
621 930 636 950 ,
660 903 724 941 vel
743 904 879 941 menn'o
895 899 943 949 fit
955 928 968 947 ,
994 902 1057 941 vel
1076 901 1148 941 loci
1164 900 1394 944 exhibentur
1406 931 1423 952 ,

688 974 752 1012 vel
781 975 943 1023 vestigia
979 980 1148 1012 exstant.

298 1062 928 1181 QUAERENTIBUS
960 1115 1089 1163 nobis
1122 1117 1236 1164 unde
1267 1126 1310 1162 et
1345 1130 1430 1175 qua
1453 1117 1524 1164 vla

297 1196 370 1240 hic
398 1194 748 1244 Plutarcheorum
790 1195 997 1240 librorum
1027 1207 1231 1241 numerus
1263 1204 1306 1239 et
1337 1195 1530 1251 scriptu-

294 1283 364 1326 rae
395 1281 627 1316 contextus
655 1272 707 1316 ad
741 1284 823 1317 nos
857 1273 1127 1329 pervenerit,
1157 1271 1265 1318 duae
1292 1279 1526 1316 occurrunt
1585 1332 1589 1335 ι

294 1357 477 1392 aetatest
509 1348 668 1403 altera,
699 1348 924 1404 proxima,
955 1361 1064 1404 quae
1085 1358 1150 1394 est
1182 1361 1205 1393 a
1239 1348 1376 1406 prima
1409 1347 1528 1392 chal-

291 1423 551 1480 cographica
582 1423 791 1479 editione:
825 1425 983 1479 altera,
1024 1424 1256 1478 remotIor,
1292 1425 1346 1469 ab
1383 1423 1526 1481 ipsius

287 1498 508 1547 Plutarchi
540 1512 647 1545 aevo
680 1500 859 1555 repetita
891 1510 934 1546 et
963 1501 1015 1545 ad
1037 1500 1153 1546 illam
1180 1512 1323 1556 usque
1346 1510 1526 1547 aetatem

288 1575 487 1620 deducta.
548 1576 625 1620 llla
657 1578 781 1622 nullo
806 1577 934 1623 modo
965 1577 1017 1622 ab
1051 1577 1232 1622 Editore
1261 1573 1417 1634 negligi
1451 1577 1524 1621 de·

286 1651 376 1696 bet.
448 1650 592 1708 Hujus
627 1653 827 1699 tractatio
856 1651 1126 1710 paucissimis
1156 1652 1294 1697 adhuc
1326 1651 1520 1697 adhibita

286 1737 354 1772 est
374 1727 667 1774 Auctoribus:
698 1742 837 1785 neque
864 1741 965 1773 cum
997 1728 1141 1784 aliqua
1165 1726 1370 1772 historiae
1393 1728 1522 1785 copia

283 1798 476 1849 adhiberi
508 1814 658 1860 potest
690 1806 777 1851 nisi
809 1805 900 1852 fere
922 1805 977 1848 iis
1011 1804 1088 1860 qui
1119 1803 1343 1850 doctrinae
1374 1817 1423 1850 ac
1450 1816 1520 1850 ae-

283 1891 377 1925 ctae
398 1881 692 1926 auctoritatem
718 1881 990 1934 habuerunt,
1020 1880 1154 1924 veluti
1177 1880 1295 1925 Sacri
1320 1880 1518 1936 Scripto-

285 1970 355 2003 res
380 1967 423 2001 et
446 1957 771 2011 Ecclesiastici‚
801 1967 844 2002 et
874 1958 922 2002 in
953 1955 1136 2002 diversis
1170 1956 1396 2012 generibus
1423 1957 1517 2002 Ho-

285 2045 457 2087 merus,
511 2033 831 2088 Hippocrates,
882 2032 1006 2077 Plato
1026 2062 1044 2086 ‚
1094 2031 1356 2077 Aristoteles
1375 2064 1394 2088 ,
1446 2034 1522 2078 alii

283 2106 585 2164 Philosophi,
635 2108 735 2151 item
783 2108 1075 2164 Legislatores
1110 2117 1152 2152 et
1182 2108 1512 2165 jurisconsulti,

281 2184 451 2229 Caeteri
483 2185 541 2228 ita
573 2186 626 2228 ad
646 2198 728 2229 nos
756 2195 991 2239 venerunt,
1022 2195 1073 2228 ut
1110 2197 1197 2240 quo
1237 2185 1386 2230 itinere
1420 2186 1520 2242 qui·

277 2259 452 2314 busque
478 2260 838 2308 conversionibus
865 2273 943 2316 per
977 2260 1086 2305 hanc
1124 2261 1309 2320 priorem
1334 2271 1515 2307 aetatem

278 2338 506 2392 propagati
538 2346 581 2381 et
610 2337 765 2381 servati
804 2336 994 2390 fuerint,
1023 2322 1259 2398 ignoretur.
1327 2338 1389 2383 Et
1415 2349 1521 2383 sane

277 2412 332 2456 de
351 2413 582 2458 Plutarcho
608 2426 746 2468 pauca
780 2413 866 2457 dici
898 2423 1102 2467 possunt.
1165 2413 1259 2462 Nec
1288 2424 1425 2459 nmen
1448 2415 1516 2459 id·

277 2488 394 2537 circo
414 2501 502 2532 non
525 2490 811 2544 quaerendum
834 2490 976 2545 qualia
999 2490 1088 2534 sint
1105 2490 1209 2535 haec
1232 2503 1398 2545 pauca3
1431 2503 1512 2535 nec

275 2565 655 2621 committendum,
684 2577 735 2610 ut
770 2576 892 2611 totus
926 2567 995 2611 hic
1031 2569 1157 2612 locus
1190 2578 1356 2612 vacuus
1386 2566 1515 2610 relin-

1411 2655 1518 2699 qua„
