1624 3016
269 163 625 215 »multem
651 165 1014 239 MORAan.·
1036 168 1142 216 va.
1164 167 1206 215 1.
1259 176 1359 224 m

132 293 231 342 tes,
254 301 548 347 quaecumque
567 292 663 336 illae
687 291 776 336 sint
796 301 841 338 et
861 304 1096 346 vocentur,
1115 291 1363 349 ingenium,

138 366 375 411 doctrinam
391 398 408 421 ,
429 368 679 413 industriam
693 368 979 422 ,diligentiam
996 397 1014 420 ‚
1035 367 1357 422 assiduitatem,

137 452 337 492 caeteras.
396 444 495 489 Hoc
525 444 634 489 enim
667 454 708 488 et
730 444 912 488 officium
940 454 981 484 et
1002 443 1156 487 rationi
1178 454 1361 494 consent

135 527 305 570 taneum
339 531 421 567 est.
484 523 620 580 Igitur
643 530 684 564 et
708 530 859 563 contra
891 519 1105 573 officium,
1136 530 1178 562 et
1207 520 1360 565 absur-

133 598 235 642 dum
262 609 357 653 est,
388 601 489 644 solo·
508 597 680 654 ingenio
700 596 766 639 uti
788 597 898 640 velle
922 596 967 639 in
1000 607 1126 651 opere
1160 596 1234 638 ubi
1266 606 1357 642 tam

136 690 310 734 magnae
331 688 434 724 sunt
461 687 603 733 partes
628 678 854 722 multarum
878 676 1053 719 aliarum
1079 674 1351 721 facultatum.

132 754 217 798 Sed
239 754 344 808 quid
366 754 472 799 illud
495 763 562 796 eat
586 752 703 807 quod
724 751 883 806 ingenii
910 750 1084 795 nomine
1102 748 1353 806 appellant?

126 829 241 885 Est,
265 829 492 884 inquiunt,
519 828 712 873 celeritas
738 826 922 879 mentis,
954 826 1158 871 velocitas
1189 825 1355 883 cogita.

129 907 287 961 tionis,
304 917 370 951 est
393 905 570 950 omnino
593 905 785 948 divinum
809 902 1072 959 quid,quod
1094 903 1130 946 si
1157 906 1258 957 quis
1278 902 1353 948 ha-

123 983 224 1038 bet.
247 984 284 1027 is
307 982 490 1040 reliquas
521 981 743 1025 facultates
772 992 862 1025 non
884 979 1106 1023 desideret.
1160 978 1253 1034 Jam
1286 978 1353 1023 in-

123 1059 289 1118 telligo,
333 1059 413 1102 Eat
438 1057 638 1103 nimirum
659 1057 773 1111 tale,
797 1056 923 1115 quale
943 1055 1102 1101 dieitur
1121 1067 1145 1099 a
1170 1054 1352 1099 Platone

120 1137 172 1181 de
194 1134 364 1191 poetis,
404 1140 552 1194 κοῦφον
579 1139 725 1191 χρῆμα.
747 1135 815 1179 καὶ
847 1136 998 1187 πτηνὸν
1021 1134 1088 1180 καὶ
1111 1135 1236 1189 lem,
1257 1133 1352 1178 leve

117 1214 370 1269 negotium,
411 1223 454 1260 et
487 1213 724 1260 volaticum
769 1216 818 1260 ac
855 1223 1048 1266 sacrum
1091 1222 1168 1264 ut,
1210 1224 1347 1268 quum

115 1289 237 1339 nihii
262 1289 490 1342 didiceris,
531 1298 672 1334 tamen
711 1289 854 1334 omnIa
900 1289 1106 1335 didicisse
1146 1289 1346 1337 videaris.

113 1365 326 1423 Equidem
372 1367 522 1413 nescio
567 1380 621 1414 an
653 1367 701 1412 in
742 1367 932 1413 editione
977 1369 1055 1413 hac
1097 1369 1347 1416 Plutarchea

113 1443 277 1499 aliquid
309 1443 468 1501 ingenii
501 1442 576 1492 sit.
636 1444 736 1492 noe
773 1445 896 1500 seio,
927 1442 1168 1502 quidquid,
1199 1457 1272 1491 aut
1304 1447 1344 1493 si

114 1521 248 1579 quid,
279 1520 325 1569 in
350 1532 397 1567 ea
416 1530 480 1565 est
507 1520 792 1576 inventionis,
823 1522 906 1568 hoc
945 1534 1011 1567 me
1037 1534 1126 1567 non
1155 1522 1343 1568 volando

109 1589 353 1648 assecutum
387 1612 498 1650 esse.
558 1599 674 1646 Mihi
700 1613 789 1646 eam
814 1610 962 1647 natura
992 1599 1145 1649 tribuit
1170 1602 1344 1645 tardita-

102 1687 224 1734 tem,
257 1688 307 1724 ut
339 1678 540 1735 gradatim
562 1679 876 1735 procedendum
903 1678 989 1734 sit,
1020 1678 1058 1724 si
1080 1691 1169 1734 quo
1195 1691 1343 1735 perve-

107 1757 200 1805 nire
238 1755 438 1811 cupiam,
468 1756 537 1802 via
572 1757 839 1811 quaerenda,
876 1755 1061 1801 rationes
1096 1756 1343 1802 subducen-

107 1834 213 1888 dae,
254 1833 684 1890 circumspiciendum
730 1834 774 1881 in
810 1846 978 1880 omnem
1023 1845 1217 1888 partem,
1262 1834 1340 1881 lux

104 1910 279 1958 aliunde
323 1922 446 1966 saepe
492 1911 772 1959 accendenda.
844 1940 872 1966 „
900 1909 1047 1966 Sed,”
1086 1910 1295 1967 inquiunt
1317 1942 1337 1965 ‚

109 2021 137 2046 „
165 1989 466 2044 compendium
512 1988 672 2035 laboris
706 1987 845 2034 facere
879 1998 1051 2043 poteras
1086 1988 1180 2045 eius
1218 2000 1336 2042 parte

105 2098 137 2125 „
163 2068 260 2112 aliis
283 2064 566 2116 mandanda.”
621 2065 811 2112 Fuerunt
848 2064 927 2120 qui
947 2066 1121 2111 codices
1143 2065 1335 2121 scriptos

31 2201 34 2204 ψ
102 2145 185 2194 mei
216 2155 368 2188 caussa
392 2152 678 2199 excerperent.
737 2143 913 2188 Caetera
937 2142 1079 2188 omnia
1100 2143 1193 2200 ipse
1214 2156 1336 2200 agere

101 2230 143 2264 et
166 2220 326 2265 efficere
346 2219 491 2269 debui,
550 2220 648 2267 Nos
674 2222 750 2276 qui
774 2220 820 2267 in
840 2222 924 2267 hoc
947 2221 1161 2266 literarum
1185 2233 1336 2280 genere

100 2311 148 2344 ac
187 2309 356 2342 munere
374 2308 623 2351 versamur,
655 2309 744 2341 non
779 2293 932 2343 sumus
964 2297 1024 2341 ita
1054 2297 1168 2343 beati
1196 2308 1255 2342 ‘ut
1285 2297 1332 2345 in

100 2374 261 2427 familia
287 2384 436 2428 nostra
463 2386 622 2429 pueros
648 2374 840 2421 literatos
879 2374 1140 2428 habeamus,
1173 2373 1331 2429 quibus

100 2451 209 2505 hanc
244 2465 414 2511 operam
456 2452 719 2502 mandemus.
783 2450 911 2511 Quos
933 2450 1131 2499 etiamsi
1159 2451 1333 2497 habere,

724 2526 768 2571 T
794 2543 822 2586 5
1007 2519 1009 2521 ’
1201 2540 1331 2589 mus,
