1624 3016
287 147 373 204 248
455 147 686 194 ORATIO
717 146 796 195 DE
826 145 1056 197 Primos,
1086 148 1363 200 LAUDAT.

292 271 499 324 stotcles‚
539 269 803 324 Cicerones,
843 270 980 317 Servii
1002 302 1021 326 ‚
1068 272 1213 319 Grotii
1253 277 1438 334 denique
1478 280 1528 321 et

291 350 597 407 Montesquiiz
627 364 840 407 quorum,
869 353 1074 406 qusmdiu
1114 367 1203 400 non
1233 357 1287 401 sb
1314 358 1407 413 ipss
1439 358 1528 402 hu«

294 431 498 475 inanitate
518 429 719 475 defecerit
742 430 974 475 humanum
1009 443 1172 488 genus,
1202 435 1362 480 tamdiu
1384 435 1525 481 nomi-

292 520 349 555 na
384 508 614 563 laudesque
644 507 905 552 florebunt„-

353 587 587 633 Videsmus
617 599 749 642 porro
776 587 828 631 de
860 585 1149 641 Eloquentisz
1178 585 1306 644 cujus
1339 587 1422 632 hoc
1452 597 1522 632 cst

295 666 514 720 officium,
557 674 607 711 ut
650 666 844 711 homines
882 677 980 709 cum
1015 666 1191 721 docent,
1230 665 1337 722 quid
1373 678 1523 712 verum

292 743 544 799 falsumque
566 744 651 797 sit,
671 753 765 788 tum
789 744 843 791 sd
866 756 930 788 res
954 743 1081 788 utiles
1101 744 1391 800 honestasque
1408 755 1520 790 con·

298 831 462 876 vertat,
502 830 547 865 et
575 834 600 864 s
625 819 829 875 turpibus
861 820 1093 877 noxiisque
1123 831 1299 866 avertat.
1372 820 1525 875 Haec,

294 897 338 942 si
374 895 461 944 vim
494 904 537 940 et
571 895 872 941 vehementism
903 896 1006 941 velit
1038 898 1258 943 ostendere
1279 897 1327 942 in
1348 898 1433 943 levi
1453 897 1532 941 mi·

296 982 496 1028 nutoque
524 985 803 1029 argumento,
836 986 925 1017 non
961 973 1249 1030 Eloquentia,
1281 977 1356 1021 sed
1381 974 1525 1032 pueri.

294 1052 354 1098 lis
378 1063 421 1098 et
446 1053 673 1109 nugatoria
707 1051 949 1107 loquacitas
972 1050 1048 1097 sit.
1106 1052 1211 1098 Aue
1234 1052 1303 1109 si,
1331 1055 1527 1110 neglecte

299 1130 478 1176 virtutis
505 1129 832 1193 honestatisque
852 1128 1252 1185 commendatione,
1280 1129 1419 1176 solam
1447 1142 1526 1175 vo-

294 1210 507 1264 luptatem
542 1204 961 1263 oblectationemque
995 1215 1192 1263 spectet.
1226 1220 1319 1255 non
1352 1209 1410 1255 sit
1437 1220 1533 1265 gen·

298 1296 424 1331 msna
457 1283 765 1339 Philosophiae
798 1283 920 1338 filis,
958 1284 1036 1330 sed
1072 1284 1221 1341 spuria
1257 1287 1355 1342 ejus
1388 1284 1530 1329 imits·

298 1365 386 1409 trix
406 1394 423 1418 ‚
459 1372 503 1407 et
536 1360 764 1427 libidinum
799 1360 986 1408 sstelles.
1055 1361 1107 1406 ln
1141 1372 1233 1421 tota
1270 1360 1534 1417 Eloquentis

297 1434 533 1499 plurimum
562 1428 678 1484 valet
708 1437 891 1494 simplex
927 1437 1083 1483 veritas
1115 1449 1159 1484 et
1186 1446 1361 1484 usturse
1388 1438 1531 1493 ratIo,

303 1519 526 1563 minimum
545 1528 614 1560 ars
639 1525 681 1560 et
702 1514 940 1561 simulatio.
1002 1514 1110 1560 Non
1133 1525 1281 1572 potest
1300 1528 1353 1561 ex
1377 1514 1532 1560 humill

301 1594 570 1652 cogitatione
604 1593 794 1649 sublime
823 1592 988 1642 dictum
1020 1594 1228 1639 existeret
1263 1605 1354 1638 non
1385 1603 1536 1650 potest

305 1684 488 1731 sngusta
505 1672 756 1729 abjectaque
773 1683 893 1717 mens
919 1683 1059 1717 veram
1082 1682 1122 1715 et
1147 1671 1411 1728 magnificam
1431 1683 1533 1718 senu-

305 1751 480 1796 tentism
502 1759 660 1804 parere.
717 1747 787 1791 Ex
807 1756 980 1803 pectore
1001 1748 1212 1802 profluat,
1240 1759 1413 1792 necesse
1431 1758 1530 1805 est,

304 1826 592 1882 Eloquentiae
631 1823 816 1878 flumen-9
854 1834 1006 1880 pectus
1049 1835 1151 1869 ante
1188 1826 1330 1870 omnia
1359 1836 1539 1872 naturae

303 1903 558 1962 cognitione
598 1901 875 1956 replendum:
918 1912 1102 1957 pectus,
1143 1915 1220 1957 per
1253 1902 1364 1949 hanc
1392 1905 1532 1962 ipsam

303 1979 595 2035 cognitionem
621 2008 638 2031 ,
689 1977 870 2021 virtutis
921 1978 1245 2036 honestatisque
1282 1994 1427 2027 amore
1464 1983 1534 2030 in·

302 2058 603 2102 flammandum
627 2084 646 2110 ,
698 2064 740 2098 et
783 2067 905 2099 verse
950 2056 1255 2111 pulcsitudinis
1285 2071 1416 2104 sensu
1455 2061 1537 2105 im·

303 2135 523 2179 buendum
542 2140 624 2178 est.
654 2131 775 2191 Quid
795 2132 933 2190 igitur
953 2145 1131 2178 caussae
1148 2133 1286 2180 fuisse
1310 2137 1502 2184 dicamus
1514 2170 1535 2195 ,

304 2211 427 2267 quod
455 2209 510 2254 ab
547 2209 666 2254 omni
701 2222 807 2254 aevo
832 2220 919 2255 tres
946 2212 1030 2256 soli
1052 2213 1282 2267 perfectam
1313 2215 1539 2272 Eloquen-

305 2289 391 2332 tiae
419 2288 586 2332 laudem
616 2278 846 2332 consecuti
869 2288 986 2343 sint,
1015 2302 1067 2334 ex
1088 2290 1266 2336 Graecis
1288 2292 1471 2338 Pericles
1492 2306 1538 2339 et

208 2389 214 2396 ·
306 2364 624 2410 Demosthenes
638 2395 656 2419 ,
685 2377 740 2410 ex
758 2364 970 2411 Romanis
999 2366 1190 2412 Cicero?
1248 2367 1463 2414 Nimirum
1486 2371 1534 2416 hi

298 2444 352 2495 <et
386 2442 473 2487 soli
515 2450 559 2486 et
598 2441 682 2486 toti
713 2443 959 2498 prodierant
990 2454 1044 2487 ex
1073 2443 1305 2501 disciplitu
1334 2445 1541 2491 Philoso-

1375 2522 1503 2579 phiae
1515 2556 1540 2584 ,
