1624 3016
283 117 367 175 „sa
509 108 689 158 νιτΑ
734 107 794 154 n.
845 106 1292 158 anawanum.

287 233 517 280 bliothecia
550 229 892 275 Scorialenaibua
920 242 969 276 ac
1002 211 1338 279 Matritenaibus
1379 245 1510 279 nava·

285 320 368 357 ret.
426 308 619 366 Quarum
657 319 748 361 quo
768 304 998 351 faciliorem
1023 308 1186 353 aditum
1206 309 1395 365 haberet,
1422 312 1508 367 jam

286 398 384 431 cum
413 384 666 431 Batavorum
690 383 806 439 apud
831 382 1049 439 Hispanos
1080 384 1226 440 iegato
1251 397 1327 440 per
1347 386 1508 433 amicos

283 472 454 520 egerat,
484 470 532 505 ut
550 463 645 518 ejus
665 461 708 505 in
728 461 935 504 comitatu
957 471 999 504 et
1026 460 1188 506 famma
1205 461 1349 507 iocum
1372 461 1509 508 bono·

282 539 440 584 tarium
464 536 692 582 obtineret.
749 534 883 581 Nunc
907 549 1021 582 anno
1051 537 1249 583 Lutetiae
1269 547 1511 593 transacto,

283 616 403 663 videt
429 613 716 670 complurium
744 614 871 658 etiam
893 626 1098 659 annorum
1123 626 1237 670 opus
1259 614 1414 659 ibidem
1435 626 1513 663 su·

285 706 481 753 pereaset
511 704 552 738 et
573 693 658 750 jam
683 700 846 736 tantum
878 702 1149 749 congesserat
1170 691 1515 749 apographorum

284 782 666 838 excerptorumque
692 771 887 814 acervum
901 800 919 823 ‚
950 780 998 812 ut
1019 781 1115 814 eum
1138 768 1323 824 digerere
1343 766 1514 813 tandem

284 861 330 898 et
351 842 407 895 ad
427 861 552 894 usum
574 846 768 891 conferre
799 855 989 900 cuperet.
1046 845 1208 890 Interea
1235 844 1516 889 Hematerhu·

283 929 381 977 aina
402 937 577 983 quoque
596 936 691 968 eum
724 935 797 978 per
820 922 964 967 literas
987 922 1211 977 monebat,
1247 931 1416 976 tempus
1441 931 1514 966 ve-

287 1006 405 1053 nisse
426 1001 724 1058 adipiscendae
755 999 1002 1052 cathedrae,
1031 998 1166 1043 nollet
1200 997 1364 1043 diutius
1393 998 1517 1057 Lug.

287 1084 408 1130 duno
439 1080 617 1133 abesse,
648 1090 701 1121 ne
725 1076 837 1132 apud
861 1074 1025 1121 amicos
1048 1072 1325 1129 fautoresque
1344 1085 1450 1119 suos
1469 1073 1518 1122 in

289 1158 550 1206 oblivionem
574 1155 764 1200 veniret:
796 1153 1058 1211 meminisset
1081 1151 1188 1206 quid
1206 1150 1362 1195 Cicero
1383 1149 1476 1206 (αδ
1489 1150 1519 1208 )

290 1236 378 1284 sibi
402 1237 493 1291 ipse
518 1233 799 1291 subjecisset,
830 1229 1045 1275 absentiae
1064 1227 1119 1272 ab
1144 1226 1248 1271 urbe
1268 1239 1370 1271 auae
1387 1226 1518 1271 detri-

291 1323 434 1359 menta
457 1321 821 1357 commemorans:
854 1307 1012 1352 faceret
1040 1314 1090 1349 ut
1113 1305 1159 1350 in
1177 1304 1319 1350 oculis
1341 1315 1520 1350 suorum

289 1391 455 1437 civium
487 1389 725 1442 habitaret,
755 1397 804 1431 ut
827 1397 922 1430 eum
949 1391 1207 1440 praesentem
1241 1381 1391 1437 potius
1411 1393 1521 1438 quo-

292 1470 400 1514 tidie
416 1468 612 1522 ,viderent
628 1497 647 1521 ‚
677 1478 803 1521 quam
829 1464 882 1509 de
901 1462 1077 1509 absente
1098 1461 1318 1506 audirent:
1350 1472 1429 1505 eoa
1446 1471 1525 1521 au-

290 1559 359 1594 res
397 1545 663 1597 hebetiores,
694 1542 849 1587 oculos
889 1552 1005 1586 acres
1027 1548 1155 1594 atque
1176 1548 1328 1583 acutos
1349 1537 1518 1586 habere.

288 1622 411 1678 Ergo
426 1619 636 1664 Bataviam
660 1619 719 1662 ita
739 1617 906 1674 repetiit
919 1648 935 1670 ‚
955 1626 1004 1660 ut
1025 1628 1098 1670 per
1115 1614 1343 1671 ‘proximas
1363 1614 1522 1670 ferias,

290 1701 361 1745 vel
387 1698 510 1743 aliam
532 1696 770 1741 vacationis
803 1692 1172 1751 opportunitatem
1188 1723 1206 1747 ‚
1234 1691 1354 1736 brevi
1383 1691 1523 1737 'Lute-

288 1775 393 1822 tiam
426 1774 671 1830 rediturus,
698 1782 743 1818 et
777 1772 984 1828 reliquam
1020 1768 1164 1826 operis
1188 1776 1350 1824 partem
1372 1766 1523 1813 confe-

285 1861 455 1898 cturus.
852 1836 857 1840 ’

344 1916 575 1983 Ignorabat
614 1926 753 1971 adhuc
798 1923 1085 1970 Ruhnkenius
1122 1921 1227 1976 quid
1262 1919 1371 1964 illud
1409 1924 1525 1964 essa

290 2005 412 2062 quod
440 2003 791 2047 Hemsterhusius
813 2002 969 2046 vellet:
999 1999 1243 2044 hoc.redux
1274 1998 1362 2054 jam
1394 2007 1447 2041 ex
1466 2005 1519 2039 eo

290 2079 442 2125 discit.
501 2079 544 2123 Is
564 2080 649 2136 jam
669 2090 824 2133 magno
846 2086 980 2129 natu,
1002 2074 1163 2119 tardior
1182 2073 1236 2118 ad
1257 2072 1428 2117 scholas
1446 2070 1523 2114 ha·

289 2157 476 2210 bendas‚
503 2154 704 2210 cupiebat
727 2152 810 2199 sibi
833 2154 902 2197 vel
921 2151 1058 2196 suffici
1081 2151 1149 2195 vel
1176 2148 1352 2206 adjungi
1366 2146 1523 2192 Ruhn-

288 2234 463 2282 kenium
494 2232 667 2278 nomine
697 2230 924 2276 Lectorist
953 2242 1088 2284 eaque
1117 2229 1170 2272 dc
1192 2239 1237 2271 re
1266 2227 1355 2282 iam
1387 2229 1528 2280 egerat

289 2319 389 2358 cum
417 2308 656 2357 Bentinkiis
681 2307 868 2363 aliisque
890 2304 1165 2362 principibus
1187 2303 1326 2349 virisz
1352 2297 1429 2345 sed
1446 2308 1525 2344 vo·

341 2497 465 2558 (28)
489 2500 671 2541 Oratione
694 2512 766 2552 pro
793 2500 979 2547 Plancio,
1002 2507 1071 2550 27.
