1624 3016
313 167 490 220 v1'r‚A
543 168 603 215 D.
657 163 1116 223 RUHlemn.
1166 210 1172 214 .
1248 167 1350 224 “-

111 295 167 342 In
193 292 449 338 Oratoribus
481 292 659 337 dubium
697 302 816 346 erat,
847 299 994 335 utrum
1027 286 1259 355 dicentium
1279 297 1337 332 an

107 371 367 422 amlientium
406 369 650 426 patientiam
685 369 820 424 magis
852 366 1082 412 mirareris.
1149 362 1339 409 Accide-

113 445 187 494 bat
214 448 322 491 illud
352 445 633 491 Horatianum
664 445 757 502 (63
774 445 830 500 ),

184 563 223 603 Si
250 563 349 602 foret
374 563 411 601 in
436 562 563 608 terris,
589 558 724 599 rideret
751 558 1020 598 Democritus:
1043 576 1095 587 —

183 635 364 677 Dicentes
391 643 514 673 autem
539 642 678 670 narrare
702 640 849 680 putaret
873 630 989 668 asello

183 709 371 748 Fabellam
399 705 537 746 surdoe
564 707 646 743 nani
673 713 769 752 quae
794 703 1014 752 pervincere
1037 710 1157 741 voces

187 779 373 819 Evaluere
397 787 529 817 sonum
545 803 558 822 ,
585 775 751 814 referunt
775 785 888 823 quem
914 782 1039 812 nostra
1064 777 1222 814 the—atrax

190 852 402 900 Garganum
423 849 566 899 mugire
587 857 697 900 putes
722 856 875 894 nemus,
888 855 952 885 aut
974 855 1073 886 mare
1091 846 1298 888 Thuscum.

169 976 261 1036 Qui
290 977 455 1032 primus
486 975 532 1020 in
554 983 802 1030 suggestum
837 973 1058 1019 adscendit
1086 972 1343 1029 Professor,

119 1065 194 1115 per
229 1062 315 1096 tres
357 1052 483 1097 horas
515 1050 655 1104 dixit,
697 1050 863 1096 nemine
896 1052 1118 1095 auiiente:
1163 1061 1205 1095 et
1244 1060 1347 1106 post

116 1129 233 1174 hune
257 1124 355 1173 item
380 1127 469 1173 alii.
530 1127 708 1172 Insolita
743 1127 975 1175 multitudo
1008 1138 1281 1181 exterorum,
1302 1136 1348 1173 et

120 1205 345 1252 doctorum
385 1202 607 1248 hominum
636 1213 678 1246 et
706 1203 1014 1257 indoctorum,
1043 1203 1274 1248 adnuerat
1298 1216 1352 1250 ex

124 1290 216 1327 tota
244 1281 437 1336 undique
461 1289 569 1324 terra
592 1279 775 1333 Batava,
807 1280 920 1325 haud
940 1292 1064 1325 secus
1084 1290 1213 1336 utque
1234 1280 1353 1337 apud

124 1357 314 1406 Graecos
356 1358 409 1402 ad
451 1358 652 1403 ludorum
688 1356 1014 1413 Olympicorum
1050 1357 1350 1405 celebritatem.

126 1435 365 1491 Hospitum
415 1434 531 1480 nulla
573 1434 805 1478 habebatur
850 1436 983 1479 ratio:
1026 1433 1351 1485 Profer-notibus

122 1495 299 1559 aliarum
323 1511 647 1557 Academiartun
679 1513 801 1556 locus
832 1513 884 1556 ad
904 1506 1130 1562 sedendum
1154 1524 1242 1557 non
1262 1522 1352 1559 erat

127 1586 282 1632 datust
317 1587 353 1634 si
378 1586 546 1642 quidem
569 1587 714 1633 audire
734 1588 919 1643 vellent,
946 1588 1155 1635 debebant
1173 1602 1219 1635 se
1235 1601 1352 1637 stan-

122 1652 159 1713 ti
195 1667 341 1710 turbae
377 1666 614 1712 immiscere
654 1678 696 1711 et
729 1667 899 1714 dubiam
947 1669 1124 1724 experiri
1169 1679 1347 1715 sortem.

124 1739 226 1786 Hos
252 1742 447 1795 aliosque
477 1755 636 1789 errores
662 1755 804 1788 secum
831 1753 1032 1798 reputans
1053 1744 1357 1791 Ruhnkenius.

131 1847 161 1876 „
181 1817 293 1872 Ista,
325 1818 483 1880 ajebat,
515 1831 569 1865 ne
590 1831 740 1864 rursus
765 1818 985 1872 accidant,
1010 1822 1239 1875 posteritas
1264 1834 1356 1864 mo-

133 1887 271 1943 nenda
298 1906 396 1953 est;
424 1909 564 1953 neque
586 1895 697 1944 enim
728 1909 806 1943 sua
835 1895 960 1945 festis
986 1897 1139 1944 diebus
1169 1899 1359 1945 hilaritas

129 1980 327 2018 constare
350 1981 523 2029 potest,
552 1973 639 2016 nisi
669 1972 708 2017 si
740 1974 854 2019 adsit
879 1975 1118 2029 modestia,
1148 1986 1361 2031 opportu-

131 2045 276 2100 nitas,
306 2047 518 2107 varietas‚
547 2048 780 2110 elegantia,
811 2048 1138 2106 hospitalitas.”

187 2124 594 2171 Animadversiones
628 2138 733 2171 suas
756 2127 802 2172 in
823 2114 1073 2185 Loriginum
1098 2129 1264 2175 miserat
1288 2130 1363 2188 Jo.

136 2199 347 2256 Toupio,
377 2199 584 2246 Britanno
598 2232 614 2257 ,
636 2215 791 2247 novam
814 2203 933 2250 illius
955 2204 1190 2261 Scriptoris
1210 2208 1365 2254 editio·

133 2289 229 2328 nem
268 2268 478 2328 molienti.
550 2271 701 2326 Postea
733 2282 914 2330 subinde
955 2297 1051 2329 eum
1079 2285 1184 2331 facti
1216 2290 1366 2345 poeni·

137 2354 239 2401 tuit.
298 2353 514 2411 Primum,
541 2358 889 2409 animadverterat
911 2361 1035 2410 illum
1054 2364 1247 2423 priorum
1270 2366 1367 2413 Cri·

1314 2447 1374 2495 ti·

154 2515 317 2603 >(63)
341 2550 702 2604 Ep.11‚1,194.

768 2621 853 2669 Vv
891 2634 923 2687 5
