1624 3016
353 189 533 241 vrrA
582 145 658 240 n(
697 184 1135 239 Ruunxnmt.
1281 191 1373 250 σε,

142 326 311 369 morum
340 317 589 374 elegantiam
615 316 811 370 referret,
841 316 895 360 ad
917 326 1084 359 omnem
1106 315 1219 361 vitae
1237 326 1369 363 utun

140 396 522 450 conditionemque
542 393 907 446 accommodaret,
937 402 979 436 et
999 392 1218 438 Socratica
1240 394 1371 439 ratio-

142 487 198 521 ne
219 473 465 530 popularem
489 470 696 514 redderet.
756 467 856 511 Hoc
879 467 955 522 qui
973 480 1061 512 non
1085 478 1248 523 ageret,
1276 470 1374 514 aine

150 564 280 598 sensu
299 550 551 608 judicioque
572 543 712 603 pulcri
736 543 906 589 Literas
920 553 1148 598 tractaret,
1168 545 1261 599 ipse
1278 546 1379 600 pin·

141 628 240 686 guia
271 635 532 677 crassusque
564 621 611 665 in
646 620 820 663 scholae
855 620 1004 663 umbra
1036 631 1084 663 ae
1116 621 1372 668 mirantibus

143 703 319 760 jactaret
343 697 603 753 discipulis,
634 706 869 749 eorumque
900 696 1058 750 plausu
1080 695 1252 740 inflatus
1276 697 1377 741 bea·

144 785 236 821 tum
259 789 307 821 ae
340 785 383 819 et
414 775 555 820 nolum
593 784 740 828 sapere
769 782 964 827 putaret,
1002 771 1119 817 hunc
1150 772 1372 819 doctorem

145 853 429 900 umbraticum
457 851 738 908 intelligebat.
799 849 857 894 Et
883 860 1177 907 argumentum
1201 849 1377 895 Oratio·

144 933 215 978 nis
234 930 494 987 congruebat
516 928 754 973 Literarum
780 927 1071 984 professionit
1102 938 1144 972 et
1172 929 1372 975 tractatio

143 1010 270 1065 plane
296 1005 586 1051 satisfaciebat
622 1004 909 1060 Eloquentiae
942 1004 1104 1050 muneri
1118 1035 1135 1059 ,
1163 1018 1261 1050 cum
1285 1018 1377 1062 ger-

144 1095 268 1128 mana
294 1082 544 1127 Latinitatis
581 1082 775 1135 ratione,
805 1092 898 1125 tum
932 1092 1030 1137 apta
1056 1083 1346 1138 descriptione
1362 1114 1379 1139 ,

146 1172 237 1208 tum
269 1163 602 1219 perspicuitate,
646 1160 855 1206 suavitate
875 1191 892 1215 ,
933 1161 1165 1217 gravitatet
1202 1171 1245 1206 et
1275 1172 1377 1208 vero

147 1242 253 1284 adeo
273 1249 359 1283 erat
375 1239 528 1284 festiva
547 1249 591 1283 et
606 1239 730 1293 quasi
751 1238 901 1283 Attico
919 1240 1007 1284 sale
1022 1252 1269 1296 peraperta,
1288 1250 1375 1286 tam
1433 1236 1454 1315 χ

144 1316 347 1373 frequens
381 1315 627 1360 facetiarum
655 1315 905 1370 leporibus,
939 1326 987 1360 ut
1010 1327 1053 1360 et
1074 1326 1235 1362 attente
1257 1319 1379 1363 audi·

143 1404 287 1448 retur,
317 1403 360 1438 et
390 1394 548 1448 cupide
581 1395 820 1449 legeretur,
862 1393 1142 1448 omniumque
1175 1395 1375 1440 manibus

144 1471 506 1526 frequentaretur.
567 1471 653 1514 Sed
684 1471 825 1515 eadem
853 1472 1085 1515 multorum
1110 1472 1154 1516 in
1178 1471 1383 1519 offensio-

143 1562 240 1596 nem
264 1550 495 1604 odiumque
523 1549 701 1595 incurrit
715 1581 731 1603 ,
752 1550 1025 1605 multumque
1046 1549 1387 1595 Ruhnkcnioin-

145 1626 283 1671 vidiae
314 1626 493 1680 peperit.
551 1624 689 1669 Erant
713 1624 788 1678 qui
811 1624 1002 1669 doctoris
1028 1624 1253 1669 umbratici
1274 1627 1380 1673 ima-

146 1703 287 1760 ginem
322 1714 374 1747 ex
403 1701 599 1756 ipsorum
641 1702 835 1756 exemplo
858 1703 1060 1756 ductam,
1102 1714 1151 1747 ae
1172 1703 1378 1761 depingi,

0 1794 3 1806 ¹
64 1834 74 1840 Ἰ
137 1778 410 1835 'significata
445 1789 487 1823 et
525 1779 651 1836 quasi
681 1780 820 1834 digito
853 1780 1135 1824 demonstrari
1158 1791 1381 1835 putarent:

0 1842 3 1860 *
149 1864 268 1899 erant
292 1856 491 1901 nonnulli
512 1856 764 1901 Scholarum
789 1855 1000 1901 Rectorea
1031 1858 1108 1911 qui
1128 1859 1212 1903 boc
1235 1868 1277 1903 et
1298 1858 1384 1914 ipsi

149 1942 379 1987 putarent,
409 1942 453 1977 et
473 1933 570 1978 aliia
592 1933 843 1979 hominibus
863 1934 1140 1980 scholasticis
1165 1940 1388 1992 pereundo-

151 2019 276 2063 rent‚
306 2021 433 2053 suum
467 2009 582 2054 vitae
612 2022 747 2066 genus
771 2023 820 2054 ac
846 2022 1003 2054 munus
1026 2011 1070 2055 in
1094 2012 1167 2056 illa
1189 2013 1384 2060 oratione

152 2086 278 2131 rideri
298 2099 346 2130 ac
370 2087 504 2129 veluti
525 2087 568 2130 in
589 2098 716 2131 scena
741 2086 905 2131 traduci
929 2087 955 2130 a
977 2086 1271 2143 Ruhnkenio,
1298 2089 1386 2135 sibi

152 2166 344 2220 placente
376 2162 496 2217 quod
527 2174 761 2217 numquam
781 2162 825 2206 in
847 2163 1040 2219 ipsorum
1064 2167 1214 2210 ordine
1237 2177 1279 2211 et
1303 2169 1386 2213 ob.

114 2243 119 2250 “
153 2230 390 2296 scut-itate,
421 2256 588 2299 semper
609 2244 655 2288 in
679 2244 987 2299 elegantiarum
1022 2246 1243 2292 hominum
1266 2249 1385 2305 prin-

153 2322 390 2376 cipumque
411 2322 603 2367 virorum
626 2320 937 2366 consuetudine
959 2331 1001 2365 et
1021 2323 1291 2379 celebritate,
1321 2327 1389 2371 vl.

134 2398 313 2446 ,xisset.
373 2397 510 2452 Atqui
543 2397 831 2443 Ruhnkenius
853 2400 1073 2445 doctorem
1098 2402 1384 2449 umbraticum

150 2474 416 2531 intelligebat
442 2475 638 2539 universe
659 2486 756 2519 eum
770 2504 789 2530 ,
818 2477 895 2531 qui
917 2476 1006 2522 illia
1022 2508 1038 2531 ,
1070 2479 1121 2523 de
1142 2481 1301 2534 quibua
1320 2484 1387 2527 di-

157 2549 327 2606 ximus,
358 2551 533 2607 ineptiis
558 2551 795 2608 laboraret,
818 2564 894 2600 nec
918 2553 1098 2606 Scholae
1115 2558 1268 2613 potius
1290 2559 1388 2607 Ma-

1358 2639 1369 2648 .

1328 2652 1394 2695 8¹·
