1624 3016
266 153 350 239 ni
459 185 691 235 onxmo
717 186 798 235 ne
839 188 1311 249 comuucrtouz

264 317 455 373 jumenta
484 310 696 364 requirere
729 309 826 355 ais?
857 325 911 358 an
935 314 1017 360 hoe
1042 316 1192 372 potius
1218 319 1377 366 clarum
1402 332 1501 378 per*

262 399 552 448 spectumque
574 397 667 442 est,
698 401 767 433 eas
789 390 1005 445 graviores
1028 396 1381 454 augustioresque
1403 411 1501 445 esse

264 479 395 525 quam
424 479 532 521 quae
570 476 656 510 tam
694 465 803 510 levia
845 467 1001 513 auxilia
1043 470 1309 519 desiderent?
1380 474 1499 520 Huic

261 544 434 602 placide
455 542 513 588 ita
538 542 887 598 respondeamus.
945 544 1081 590 Recte
1100 558 1274 603 mones,
1303 564 1332 594 o
1355 549 1496 606 bone,

262 622 449 669 sednon
480 629 564 664 tam
601 630 715 665 recte
746 631 872 676 quam
896 631 991 667 tute
1022 624 1105 668 tibi
1130 625 1308 670 videris.
1365 627 1501 685 Quod
1572 677 1579 684 ,

260 696 304 768 sl
337 697 478 751 enim,
509 705 559 741 ut
583 697 698 752 apud
720 697 1017 744 scholasticos
1046 699 1156 755 fuit,
1183 712 1227 746 et
1246 703 1492 749 adhucdum

258 778 379 837 apud
394 778 601 833 quosdam
625 785 722 831 est,
748 776 1061 834 inexplicabilia
1082 773 1249 826 {omnia
1273 782 1340 827 his
1357 782 1500 828 scien·

256 856 336 903 tiis
364 855 670 908 continentur,
711 854 880 909 fateor,
920 856 1160 911 lubensque
1190 858 1272 903 tibi
1306 861 1495 915 accedo,

257 932 490 990 elegantiae
512 932 654 975 studia
676 944 775 975 cum
810 931 862 975 iis
896 935 1201 979 commercium
1236 936 1388 982 habere
1417 949 1495 983 nec

259 1010 375 1055 velle
395 1021 472 1054 nec
493 1020 649 1065 posse3
674 1018 716 1051 et
738 1016 780 1052 te
803 1009 950 1054 harum
975 1022 1183 1068 nugarum
1205 1014 1402 1069 opificem
1427 1014 1515 1060 fur

257 1097 406 1134 turum
424 1100 477 1134 eo
499 1087 695 1144 maiorem
709 1113 727 1139 ‚
759 1098 850 1141 quo
870 1087 1005 1144 magis
1034 1100 1059 1132 a
1089 1089 1309 1147 doctrinae
1333 1091 1503 1148 elegan-

255 1165 322 1212 tia
356 1174 545 1210 remotus
570 1162 648 1207 sis.
705 1164 767 1207 At
792 1163 830 1208 si
849 1163 1193 1222 Metapbysicam
1217 1179 1309 1212 eam
1344 1155 1500 1214 vocare
1535 1199 1539 1203 -

253 1244 434 1298 lubeat,
465 1253 575 1298 quae
603 1240 870 1299 cognitionis
907 1241 1115 1288 humanae
1138 1254 1252 1290 certa
1281 1244 1500 1291 contineat

250 1318 504 1379 principia,
533 1318 856 1375 Logicamque,
886 1330 996 1373 quae
1026 1319 1116 1363 veri
1157 1320 1399 1366 inveniendi
1429 1321 1497 1365 di-

255 1397 564 1458 judicandique
600 1406 757 1441 rectam
804 1405 1014 1440 monstret
1061 1396 1271 1442 rationem
1289 1429 1307 1452 ‚
1359 1411 1410 1443 ae
1457 1398 1498 1444 ai

259 1475 444 1525 omnino
476 1486 614 1518 rerum
648 1472 898 1527 veritatem,
939 1484 1032 1517 non
1065 1472 1288 1528 opinionis
1321 1474 1504 1519 inanita-

254 1562 377 1607 ιω,
408 1549 682 1606 quaerimus,
714 1549 863 1593 harum
903 1549 1096 1594 omnium
1131 1550 1499 1605 percipiendarum

258 1628 449 1688 egregias
495 1639 592 1678 esse
637 1625 936 1671 moderatrices
979 1627 1260 1683 elegantiores
1297 1628 1460 1672 litteras
1478 1657 1498 1684 ,

257 1710 306 1755 id
331 1720 437 1754 vero
470 1718 620 1762 magna
655 1703 968 1749 asseveratione
998 1706 1230 1752 contendo.
1287 1699 1424 1761 quue
1446 1717 1498 1751 ut

259 1786 344 1840 tibi
371 1785 545 1841 planum
569 1782 804 1836 faciamus,
834 1783 918 1826 hoc
954 1782 1085 1826 nobis
1119 1783 1224 1836 des,
1254 1793 1304 1827 ut
1332 1784 1402 1828 via
1419 1797 1500 1830 no·

253 1874 351 1912 stra
382 1863 607 1919 procedere
632 1861 784 1914 liceat,
817 1860 1092 1916 primumque
1121 1859 1402 1914 experientiae
1434 1871 1499 1907 te·
1547 1881 1549 1884 ·

259 1939 464 1988 εῐὶωοηίι
496 1950 820 1995 proponamus,
860 1938 1009 1982 deinde
1051 1938 1111 1982 rei
1142 1948 1334 1983 naturam
1364 1937 1502 1994 expli-

260 2030 430 2067 cemus.
487 2016 655 2060 Etenim
671 2045 688 2069 ‚
722 2017 842 2069 quod
865 2015 1059 2071 diligenti
1083 2016 1381 2060 observatione
1410 2029 1502 2061 cer·

261 2105 356 2141 tum
391 2104 484 2148 est,
523 2093 599 2148 qui
640 2093 694 2137 ab
733 2092 908 2137 ineunte
940 2099 1073 2136 aetate
1117 2094 1203 2138 soli
1242 2093 1500 2139 litteraturae

259 2173 412 2221 studio
443 2184 491 2216 se
517 2170 796 2224 dediderunt,
827 2171 859 2213 ii
887 2171 1139 2225 plerumque
1174 2170 1500 2228 Philosophiam

254 2253 429 2304 sidem,
474 2261 614 2303 neque
650 2249 703 2292 de
739 2248 811 2292 his
855 2248 982 2292 rebus
1023 2247 1189 2302 aliquid
1227 2249 1390 2304 statui,
1423 2259 1501 2295 aut

268 2329 448 2374 omnino
479 2328 533 2371 ad
566 2326 807 2373 absolutam
840 2326 1058 2369 veritatem
1091 2327 1303 2381 perveniri
1335 2340 1499 2383 posse,

266 2405 545 2452 arbitrantur.
602 2403 718 2447 Cum
752 2402 862 2446 enim
891 2401 937 2446 in
970 2402 1134 2447 Critica
1163 2413 1253 2446 arte
1270 2403 1387 2457 'quid
1425 2415 1500 2448 ve-

259 2493 363 2546 tun
404 2480 720 2537 pulchrumque
761 2479 819 2526 sit
859 2489 949 2522 non
990 2476 1293 2523 MathematIca
1334 2479 1503 2522 ratione

1433 2555 1506 2600 de-
