<?xml version="1.0" encoding="UTF-8"?>
<!DOCTYPE html PUBLIC "-//W3C//DTD XHTML 1.0 Transitional//EN"
    "http://www.w3.org/TR/xhtml1/DTD/xhtml1-transitional.dtd">
<html xmlns="http://www.w3.org/1999/xhtml" xml:lang="en" lang="en">
 <head>
  <title>
</title>
<meta http-equiv="Content-Type" content="text/html;charset=utf-8" />
  <meta name='ocr-system' content='tesseract 3.04.00' />
  <meta name='ocr-capabilities' content='ocr_page ocr_carea ocr_par ocr_line ocrx_word'/>
</head>
<body>
  <div class='ocr_page' id='page_1' title='image "./opusculavariiarg01wytt/opusculavariiarg01wytt_0088.png"; bbox 0 0 1624 3016; ppageno 0'>
   <div class='ocr_carea' id='block_1_1' title="bbox 324 134 1401 201">
    <p class='ocr_par' dir='ltr' id='par_1_1' title="bbox 324 134 1401 201">
     <span class='ocr_line' id='line_1_1' title="bbox 324 134 1401 201; baseline -0.004 -14"><span class='ocrx_word' id='word_1_1' title='bbox 324 140 383 188; x_wconf 72' lang='lat'><strong>82</strong></span> <span class='ocrx_word' id='word_1_2' title='bbox 486 134 828 201; x_wconf 56' lang='lat' dir='ltr'><strong>patiamur&gt;</strong></span> <span class='ocrx_word' id='word_1_3' title='bbox 858 149 922 201; x_wconf 59' lang='lat'><strong>225</strong></span> <span class='ocrx_word' id='word_1_4' title='bbox 944 137 1121 185; x_wconf 56' lang='grc' dir='ltr'><strong>7Ευιτ.</strong></span> <span class='ocrx_word' id='word_1_5' title='bbox 1154 134 1401 187; x_wconf 66' lang='lat' dir='ltr'><strong>unum</strong></span> 
     </span>
    </p>
   </div>
   <div class='ocr_carea' id='block_1_2' title="bbox 306 259 1566 2554">
    <p class='ocr_par' dir='ltr' id='par_1_2' title="bbox 318 259 1566 1397">
     <span class='ocr_line' id='line_1_2' title="bbox 327 259 1561 316; baseline 0.002 -11"><span class='ocrx_word' id='word_1_6' title='bbox 327 261 383 305; x_wconf 87' lang='lat' dir='ltr'><strong>iis</strong></span> <span class='ocrx_word' id='word_1_7' title='bbox 407 270 579 315; x_wconf 88' lang='lat' dir='ltr'><strong>tempus</strong></span> <span class='ocrx_word' id='word_1_8' title='bbox 609 259 841 316; x_wconf 82' lang='lat' dir='ltr'><strong>largiatur,</strong></span> <span class='ocrx_word' id='word_1_9' title='bbox 872 270 920 304; x_wconf 88' lang='lat' dir='ltr'><strong>ut</strong></span> <span class='ocrx_word' id='word_1_10' title='bbox 953 259 1004 304; x_wconf 83' lang='lat' dir='ltr'><strong>ad</strong></span> <span class='ocrx_word' id='word_1_11' title='bbox 1034 261 1250 305; x_wconf 85' lang='lat' dir='ltr'><strong>meliorem</strong></span> <span class='ocrx_word' id='word_1_12' title='bbox 1277 261 1446 307; x_wconf 78' lang='lat' dir='ltr'>redeant</span> <span class='ocrx_word' id='word_1_13' title='bbox 1464 259 1561 307; x_wconf 78' lang='lat' dir='ltr'><strong>fru-</strong></span> 
     </span>
     <span class='ocr_line' id='line_1_3' title="bbox 327 320 1560 395; baseline 0.002 -14"><span class='ocrx_word' id='word_1_14' title='bbox 327 350 439 394; x_wconf 85' lang='lat' dir='ltr'><strong>gem.</strong></span> <span class='ocrx_word' id='word_1_15' title='bbox 499 337 541 381; x_wconf 80' lang='lat' dir='ltr'>A</span> <span class='ocrx_word' id='word_1_16' title='bbox 567 336 753 392; x_wconf 85' lang='lat' dir='ltr'><strong>posteris</strong></span> <span class='ocrx_word' id='word_1_17' title='bbox 777 348 917 381; x_wconf 88' lang='lat' dir='ltr'><strong>autem</strong></span> <span class='ocrx_word' id='word_1_18' title='bbox 955 320 1115 392; x_wconf 79' lang='lat' dir='ltr'><strong>poenas</strong></span> <span class='ocrx_word' id='word_1_19' title='bbox 1143 336 1310 395; x_wconf 77' lang='lat' dir='ltr'><strong>repeti,</strong></span> <span class='ocrx_word' id='word_1_20' title='bbox 1328 351 1416 386; x_wconf 80' lang='lat' dir='ltr'><strong>nun</strong></span> <span class='ocrx_word' id='word_1_21' title='bbox 1440 337 1560 394; x_wconf 80' lang='lat' dir='ltr'><strong>quod</strong></span> 
     </span>
     <span class='ocr_line' id='line_1_4' title="bbox 324 413 1558 471; baseline 0.001 -13"><span class='ocrx_word' id='word_1_22' title='bbox 324 416 408 471; x_wconf 82' lang='lat' dir='ltr'><strong>ipsi</strong></span> <span class='ocrx_word' id='word_1_23' title='bbox 430 425 651 469; x_wconf 82' lang='lat' dir='ltr'><strong>parentum</strong></span> <span class='ocrx_word' id='word_1_24' title='bbox 671 414 841 460; x_wconf 66' lang='lat' dir='ltr'><strong>defictis</strong></span> <span class='ocrx_word' id='word_1_25' title='bbox 865 413 1124 467; x_wconf 86' lang='lat' dir='ltr'><strong>meruerint,</strong></span> <span class='ocrx_word' id='word_1_26' title='bbox 1157 414 1232 459; x_wconf 82' lang='lat' dir='ltr'><strong>sed</strong></span> <span class='ocrx_word' id='word_1_27' title='bbox 1253 416 1372 471; x_wconf 85' lang='lat' dir='ltr'><strong>quod</strong></span> <span class='ocrx_word' id='word_1_28' title='bbox 1396 428 1447 463; x_wconf 80' lang='lat' dir='ltr'><strong>ex</strong></span> <span class='ocrx_word' id='word_1_29' title='bbox 1471 429 1558 460; x_wconf 87' lang='lat' dir='ltr'><strong>ma·</strong></span> 
     </span>
     <span class='ocr_line' id='line_1_5' title="bbox 321 490 1559 558; baseline 0.001 -20"><span class='ocrx_word' id='word_1_30' title='bbox 321 493 439 551; x_wconf 81' lang='lat' dir='ltr'><strong>ligna</strong></span> <span class='ocrx_word' id='word_1_31' title='bbox 471 502 692 549; x_wconf 89' lang='lat' dir='ltr'><strong>parentum</strong></span> <span class='ocrx_word' id='word_1_32' title='bbox 730 492 874 536; x_wconf 85' lang='lat' dir='ltr'><strong>indole</strong></span> <span class='ocrx_word' id='word_1_33' title='bbox 918 491 1035 537; x_wconf 84' lang='lat' dir='ltr'><strong>labes</strong></span> <span class='ocrx_word' id='word_1_34' title='bbox 1070 490 1114 536; x_wconf 90' lang='lat' dir='ltr'><strong>in</strong></span> <span class='ocrx_word' id='word_1_35' title='bbox 1147 490 1377 558; x_wconf 71' lang='lat' dir='ltr'><strong>liberorum</strong></span> <span class='ocrx_word' id='word_1_36' title='bbox 1419 503 1559 539; x_wconf 83' lang='lat' dir='ltr'><strong>trans·</strong></span> 
     </span>
     <span class='ocr_line' id='line_1_6' title="bbox 325 567 1562 628; baseline -0.001 -13"><span class='ocrx_word' id='word_1_37' title='bbox 325 579 424 615; x_wconf 88' lang='lat' dir='ltr'><strong>eant</strong></span> <span class='ocrx_word' id='word_1_38' title='bbox 448 569 618 628; x_wconf 77' lang='lat' dir='ltr'><strong>ingenia</strong></span> <span class='ocrx_word' id='word_1_39' title='bbox 643 581 778 625; x_wconf 83' lang='lat' dir='ltr'><strong>eaque</strong></span> <span class='ocrx_word' id='word_1_40' title='bbox 803 567 1033 626; x_wconf 73' lang='lat' dir='ltr'><strong>adliciant3</strong></span> <span class='ocrx_word' id='word_1_41' title='bbox 1065 569 1142 615; x_wconf 86' lang='lat' dir='ltr'><strong>has</strong></span> <span class='ocrx_word' id='word_1_42' title='bbox 1166 570 1282 616; x_wconf 78' lang='lat' dir='ltr'><strong>Deos</strong></span> <span class='ocrx_word' id='word_1_43' title='bbox 1314 570 1467 628; x_wconf 76' lang='lat' dir='ltr'><strong>poeula</strong></span> <span class='ocrx_word' id='word_1_44' title='bbox 1490 583 1562 615; x_wconf 87' lang='lat' dir='ltr'><strong>ve·</strong></span> 
     </span>
     <span class='ocr_line' id='line_1_7' title="bbox 325 646 1563 702; baseline 0.001 -11"><span class='ocrx_word' id='word_1_45' title='bbox 325 646 407 692; x_wconf 88' lang='lat' dir='ltr'><strong>luti</strong></span> <span class='ocrx_word' id='word_1_46' title='bbox 429 646 639 692; x_wconf 89' lang='lat' dir='ltr'><strong>medicina</strong></span> <span class='ocrx_word' id='word_1_47' title='bbox 653 648 820 702; x_wconf 87' lang='lat' dir='ltr'><strong>eluere,</strong></span> <span class='ocrx_word' id='word_1_48' title='bbox 839 659 893 692; x_wconf 88' lang='lat' dir='ltr'><strong>ne</strong></span> <span class='ocrx_word' id='word_1_49' title='bbox 912 646 959 692; x_wconf 87' lang='lat' dir='ltr'><strong>in</strong></span> <span class='ocrx_word' id='word_1_50' title='bbox 978 646 1256 692; x_wconf 88' lang='lat' dir='ltr'><strong>insanabilem</strong></span> <span class='ocrx_word' id='word_1_51' title='bbox 1272 646 1402 692; x_wconf 85' lang='lat' dir='ltr'><strong>animi</strong></span> <span class='ocrx_word' id='word_1_52' title='bbox 1420 659 1563 693; x_wconf 85' lang='lat' dir='ltr'><strong>erum·</strong></span> 
     </span>
     <span class='ocr_line' id='line_1_8' title="bbox 321 724 1564 780; baseline -0.002 -12"><span class='ocrx_word' id='word_1_53' title='bbox 321 734 430 780; x_wconf 87' lang='lat' dir='ltr'><strong>pant</strong></span> <span class='ocrx_word' id='word_1_54' title='bbox 461 724 675 770; x_wconf 86' lang='lat' dir='ltr'><strong>morbum.</strong></span> <span class='ocrx_word' id='word_1_55' title='bbox 744 725 858 769; x_wconf 90' lang='lat' dir='ltr'><strong>Cum</strong></span> <span class='ocrx_word' id='word_1_56' title='bbox 895 735 996 768; x_wconf 82' lang='lat' dir='ltr'><strong>vero</strong></span> <span class='ocrx_word' id='word_1_57' title='bbox 1029 724 1190 768; x_wconf 86' lang='lat' dir='ltr'><strong>videret</strong></span> <span class='ocrx_word' id='word_1_58' title='bbox 1219 725 1432 780; x_wconf 78' lang='lat' dir='ltr'><strong>integrum</strong></span> <span class='ocrx_word' id='word_1_59' title='bbox 1467 734 1564 780; x_wconf 84' lang='lat' dir='ltr'><strong>per-</strong></span> 
     </span>
     <span class='ocr_line' id='line_1_9' title="bbox 326 799 1565 858; baseline 0.001 -14"><span class='ocrx_word' id='word_1_60' title='bbox 326 800 577 856; x_wconf 79' lang='lat' dir='ltr'><strong>fectumque</strong></span> <span class='ocrx_word' id='word_1_61' title='bbox 614 799 815 858; x_wconf 87' lang='lat' dir='ltr'><strong>Justitiae</strong></span> <span class='ocrx_word' id='word_1_62' title='bbox 856 810 1016 844; x_wconf 88' lang='lat' dir='ltr'><strong>munus</strong></span> <span class='ocrx_word' id='word_1_63' title='bbox 1061 801 1103 844; x_wconf 91' lang='lat' dir='ltr'><strong>in</strong></span> <span class='ocrx_word' id='word_1_64' title='bbox 1148 800 1282 858; x_wconf 85' lang='lat' dir='ltr'><strong>hujus</strong></span> <span class='ocrx_word' id='word_1_65' title='bbox 1331 802 1444 847; x_wconf 85' lang='lat' dir='ltr'><strong>vitae</strong></span> <span class='ocrx_word' id='word_1_66' title='bbox 1486 811 1565 845; x_wconf 81' lang='lat' dir='ltr'><strong>an·</strong></span> 
     </span>
     <span class='ocr_line' id='line_1_10' title="bbox 323 875 1565 938; baseline 0.002 -15"><span class='ocrx_word' id='word_1_67' title='bbox 323 877 481 938; x_wconf 85' lang='lat' dir='ltr'><strong>gustiis</strong></span> <span class='ocrx_word' id='word_1_68' title='bbox 524 875 695 922; x_wconf 87' lang='lat' dir='ltr'><strong>absolvi</strong></span> <span class='ocrx_word' id='word_1_69' title='bbox 726 889 816 922; x_wconf 90' lang='lat' dir='ltr'><strong>non</strong></span> <span class='ocrx_word' id='word_1_70' title='bbox 851 888 1008 931; x_wconf 86' lang='lat' dir='ltr'><strong>posse,</strong></span> <span class='ocrx_word' id='word_1_71' title='bbox 1051 877 1099 922; x_wconf 87' lang='lat' dir='ltr'><strong>id</strong></span> <span class='ocrx_word' id='word_1_72' title='bbox 1136 876 1221 922; x_wconf 87' lang='lat' dir='ltr'><strong>sibi</strong></span> <span class='ocrx_word' id='word_1_73' title='bbox 1254 880 1410 924; x_wconf 88' lang='lat' dir='ltr'><strong>sumsit</strong></span> <span class='ocrx_word' id='word_1_74' title='bbox 1441 878 1565 935; x_wconf 84' lang='lat' dir='ltr'><strong>quod</strong></span> 
     </span>
     <span class='ocr_line' id='line_1_11' title="bbox 323 954 1563 1013; baseline 0.002 -13"><span class='ocrx_word' id='word_1_75' title='bbox 323 968 524 1013; x_wconf 81' lang='lat' dir='ltr'><strong>praesens</strong></span> <span class='ocrx_word' id='word_1_76' title='bbox 555 954 802 1010; x_wconf 83' lang='lat' dir='ltr'><strong>Epicureus</strong></span> <span class='ocrx_word' id='word_1_77' title='bbox 838 966 1058 1009; x_wconf 87' lang='lat' dir='ltr'><strong>nunquam</strong></span> <span class='ocrx_word' id='word_1_78' title='bbox 1098 957 1411 1002; x_wconf 69' lang='lat' dir='ltr'>concessisset:</span> <span class='ocrx_word' id='word_1_79' title='bbox 1455 958 1563 1003; x_wconf 85' lang='lat' dir='ltr'><strong>Pro·</strong></span> 
     </span>
     <span class='ocr_line' id='line_1_12' title="bbox 322 1030 1562 1088; baseline 0 -10"><span class='ocrx_word' id='word_1_80' title='bbox 322 1031 536 1079; x_wconf 72' lang='lat' dir='ltr'><strong>videmiae</strong></span> <span class='ocrx_word' id='word_1_81' title='bbox 579 1031 712 1088; x_wconf 84' lang='lat' dir='ltr'><strong>igitur</strong></span> <span class='ocrx_word' id='word_1_82' title='bbox 750 1030 1160 1077; x_wconf 65' lang='lat' dir='ltr'><strong>administrationem</strong></span> <span class='ocrx_word' id='word_1_83' title='bbox 1198 1041 1241 1077; x_wconf 86' lang='lat' dir='ltr'><strong>et</strong></span> <span class='ocrx_word' id='word_1_84' title='bbox 1284 1033 1446 1079; x_wconf 87' lang='lat' dir='ltr'><strong>animae</strong></span> <span class='ocrx_word' id='word_1_85' title='bbox 1483 1033 1562 1078; x_wconf 87' lang='lat' dir='ltr'><strong>im·</strong></span> 
     </span>
     <span class='ocr_line' id='line_1_13' title="bbox 323 1107 1561 1164; baseline 0.002 -12"><span class='ocrx_word' id='word_1_86' title='bbox 323 1107 624 1152; x_wconf 69' lang='lat' dir='ltr'><strong>mortalitatem</strong></span> <span class='ocrx_word' id='word_1_87' title='bbox 660 1118 741 1162; x_wconf 87' lang='lat' dir='ltr'><strong>pro</strong></span> <span class='ocrx_word' id='word_1_88' title='bbox 770 1118 978 1152; x_wconf 86' lang='lat' dir='ltr'><strong>concessa</strong></span> <span class='ocrx_word' id='word_1_89' title='bbox 1015 1107 1283 1164; x_wconf 84' lang='lat' dir='ltr'><strong>probataque</strong></span> <span class='ocrx_word' id='word_1_90' title='bbox 1302 1109 1487 1163; x_wconf 81' lang='lat' dir='ltr'><strong>sumsit,</strong></span> <span class='ocrx_word' id='word_1_91' title='bbox 1516 1119 1561 1155; x_wconf 85' lang='lat' dir='ltr'><strong>et</strong></span> 
     </span>
     <span class='ocr_line' id='line_1_14' title="bbox 320 1185 1566 1249; baseline 0.003 -19"><span class='ocrx_word' id='word_1_92' title='bbox 320 1197 424 1242; x_wconf 86' lang='lat' dir='ltr'><strong>post</strong></span> <span class='ocrx_word' id='word_1_93' title='bbox 456 1186 565 1230; x_wconf 87' lang='lat' dir='ltr'><strong>hanc</strong></span> <span class='ocrx_word' id='word_1_94' title='bbox 592 1185 725 1229; x_wconf 83' lang='lat' dir='ltr'><strong>vitam</strong></span> <span class='ocrx_word' id='word_1_95' title='bbox 755 1185 1137 1249; x_wconf 23' lang='lat' dir='ltr'><strong>delicta-punitum</strong></span> <span class='ocrx_word' id='word_1_96' title='bbox 1161 1186 1212 1232; x_wconf 90' lang='lat' dir='ltr'><strong>iri</strong></span> <span class='ocrx_word' id='word_1_97' title='bbox 1238 1187 1405 1233; x_wconf 80' lang='lat' dir='ltr'><strong>statuit.</strong></span> <span class='ocrx_word' id='word_1_98' title='bbox 1444 1185 1566 1234; x_wconf 64' lang='lat' dir='ltr'><strong>Tan-</strong></span> 
     </span>
     <span class='ocr_line' id='line_1_15' title="bbox 318 1259 1562 1319; baseline 0.002 -12"><span class='ocrx_word' id='word_1_99' title='bbox 318 1265 411 1307; x_wconf 88' lang='lat' dir='ltr'><strong>dem</strong></span> <span class='ocrx_word' id='word_1_100' title='bbox 438 1261 776 1317; x_wconf 83' lang='lat' dir='ltr'><strong>disputationem</strong></span> <span class='ocrx_word' id='word_1_101' title='bbox 809 1259 989 1306; x_wconf 80' lang='lat' dir='ltr'><strong>notabili</strong></span> <span class='ocrx_word' id='word_1_102' title='bbox 1015 1262 1134 1307; x_wconf 85' lang='lat' dir='ltr'><strong>exitu</strong></span> <span class='ocrx_word' id='word_1_103' title='bbox 1161 1263 1562 1319; x_wconf 75' lang='lat' dir='ltr'><strong>concludit·,&#39;1&#39;he-</strong></span> 
     </span>
     <span class='ocr_line' id='line_1_16' title="bbox 320 1336 1562 1397; baseline 0.004 -13.103"><span class='ocrx_word' id='word_1_104' title='bbox 320 1340 455 1397; x_wconf 82' lang='lat' dir='ltr'><strong>spesii</strong></span> <span class='ocrx_word' id='word_1_105' title='bbox 479 1340 701 1396; x_wconf 84' lang='lat' dir='ltr'><strong>cujusdam</strong></span> <span class='ocrx_word' id='word_1_106' title='bbox 728 1336 952 1384; x_wconf 80' lang='lat' dir='ltr'><strong>historiam</strong></span> <span class='ocrx_word' id='word_1_107' title='bbox 979 1339 1217 1394; x_wconf 82' lang='lat' dir='ltr'><strong>inducens,</strong></span> <span class='ocrx_word' id='word_1_108' title='bbox 1248 1342 1323 1397; x_wconf 88' lang='lat' dir='ltr'><strong>qui</strong></span> <span class='ocrx_word' id='word_1_109' title='bbox 1345 1341 1488 1388; x_wconf 87' lang='lat' dir='ltr'><strong>animo</strong></span> <span class='ocrx_word' id='word_1_110' title='bbox 1505 1344 1562 1391; x_wconf 84' lang='lat' dir='ltr'><strong>ad</strong></span> 
     </span>
    </p>

    <p class='ocr_par' dir='ltr' id='par_1_3' title="bbox 306 1415 1566 2554">
     <span class='ocr_line' id='line_1_17' title="bbox 316 1415 1565 1483; baseline 0 -20"><span class='ocrx_word' id='word_1_111' title='bbox 316 1418 483 1463; x_wconf 82' lang='lat' dir='ltr'><strong>inferos</strong></span> <span class='ocrx_word' id='word_1_112' title='bbox 508 1419 656 1472; x_wconf 80' lang='lat' dir='ltr'><strong>raptus</strong></span> <span class='ocrx_word' id='word_1_113' title='bbox 681 1415 772 1471; x_wconf 86' lang='lat' dir='ltr'><strong>ipse</strong></span> <span class='ocrx_word' id='word_1_114' title='bbox 793 1428 1028 1481; x_wconf 77' lang='lat' dir='ltr'><strong>poenarum</strong></span> <span class='ocrx_word' id='word_1_115' title='bbox 1052 1428 1100 1460; x_wconf 86' lang='lat' dir='ltr'><strong>ac</strong></span> <span class='ocrx_word' id='word_1_116' title='bbox 1124 1417 1408 1483; x_wconf 84' lang='lat' dir='ltr'><strong>praemiorum</strong></span> <span class='ocrx_word' id='word_1_117' title='bbox 1437 1418 1565 1467; x_wconf 74' lang='lat' dir='ltr'><strong>testis</strong></span> 
     </span>
     <span class='ocr_line' id='line_1_18' title="bbox 317 1492 1566 1557; baseline -0.001 -17"><span class='ocrx_word' id='word_1_118' title='bbox 317 1495 493 1542; x_wconf 85' lang='lat' dir='ltr'><strong>fuisset.</strong></span> <span class='ocrx_word' id='word_1_119' title='bbox 551 1494 655 1551; x_wconf 86' lang='lat' dir='ltr'><strong>Quo</strong></span> <span class='ocrx_word' id='word_1_120' title='bbox 689 1494 792 1539; x_wconf 87' lang='lat' dir='ltr'><strong>loeo</strong></span> <span class='ocrx_word' id='word_1_121' title='bbox 814 1493 893 1538; x_wconf 80' lang='lat' dir='ltr'><strong>etsi</strong></span> <span class='ocrx_word' id='word_1_122' title='bbox 922 1494 1076 1557; x_wconf 83' lang='lat' dir='ltr'><strong>mirum</strong></span> <span class='ocrx_word' id='word_1_123' title='bbox 1101 1493 1173 1539; x_wconf 91' lang='lat' dir='ltr'><strong>cui</strong></span> <span class='ocrx_word' id='word_1_124' title='bbox 1198 1494 1423 1550; x_wconf 71' lang='lat' dir='ltr'><strong>videatur.</strong></span> <span class='ocrx_word' id='word_1_125' title='bbox 1452 1492 1566 1552; x_wconf 79' lang='lat' dir='ltr'><strong>Epi·</strong></span> 
     </span>
     <span class='ocr_line' id='line_1_19' title="bbox 314 1558 1562 1629; baseline 0.003 -13"><span class='ocrx_word' id='word_1_126' title='bbox 314 1572 460 1617; x_wconf 82' lang='lat' dir='ltr'><strong>eureis</strong></span> <span class='ocrx_word' id='word_1_127' title='bbox 483 1570 671 1616; x_wconf 85' lang='lat' dir='ltr'><strong>fabulam</strong></span> <span class='ocrx_word' id='word_1_128' title='bbox 696 1583 874 1626; x_wconf 83' lang='lat' dir='ltr'><strong>eamque</strong></span> <span class='ocrx_word' id='word_1_129' title='bbox 897 1558 949 1616; x_wconf 82' lang='lat' dir='ltr'><strong>ex</strong></span> <span class='ocrx_word' id='word_1_130' title='bbox 980 1584 1032 1616; x_wconf 87' lang='lat' dir='ltr'><strong>eo</strong></span> <span class='ocrx_word' id='word_1_131' title='bbox 1062 1583 1216 1627; x_wconf 86' lang='lat' dir='ltr'><strong>genere</strong></span> <span class='ocrx_word' id='word_1_132' title='bbox 1246 1574 1416 1628; x_wconf 87' lang='lat' dir='ltr'><strong>opponi</strong></span> <span class='ocrx_word' id='word_1_133' title='bbox 1439 1571 1562 1629; x_wconf 83' lang='lat' dir='ltr'><strong>quod</strong></span> 
     </span>
     <span class='ocr_line' id='line_1_20' title="bbox 318 1647 1560 1707; baseline -0.001 -13"><span class='ocrx_word' id='word_1_134' title='bbox 318 1650 406 1707; x_wconf 89' lang='lat' dir='ltr'><strong>ipsi</strong></span> <span class='ocrx_word' id='word_1_135' title='bbox 432 1649 615 1694; x_wconf 80' lang='lat' dir='ltr'><strong>maxime</strong></span> <span class='ocrx_word' id='word_1_136' title='bbox 639 1648 915 1703; x_wconf 88' lang='lat' dir='ltr'><strong>deridebant;</strong></span> <span class='ocrx_word' id='word_1_137' title='bbox 947 1648 992 1692; x_wconf 90' lang='lat' dir='ltr'><strong>id</strong></span> <span class='ocrx_word' id='word_1_138' title='bbox 1019 1657 1158 1692; x_wconf 89' lang='lat' dir='ltr'><strong>tamen</strong></span> <span class='ocrx_word' id='word_1_139' title='bbox 1188 1647 1444 1693; x_wconf 81' lang='lat' dir='ltr'><strong>Plutarchus</strong></span> <span class='ocrx_word' id='word_1_140' title='bbox 1474 1661 1560 1703; x_wconf 77' lang='lat' dir='ltr'><strong>suo</strong></span> 
     </span>
     <span class='ocr_line' id='line_1_21' title="bbox 315 1715 1558 1786; baseline 0 -16"><span class='ocrx_word' id='word_1_141' title='bbox 315 1725 403 1771; x_wconf 86' lang='lat' dir='ltr'><strong>sibi</strong></span> <span class='ocrx_word' id='word_1_142' title='bbox 429 1726 525 1783; x_wconf 72' lang='lat' dir='ltr'><strong>iure</strong></span> <span class='ocrx_word' id='word_1_143' title='bbox 550 1723 688 1769; x_wconf 87' lang='lat' dir='ltr'><strong>facere</strong></span> <span class='ocrx_word' id='word_1_144' title='bbox 708 1723 873 1779; x_wconf 87' lang='lat' dir='ltr'><strong>potuit.</strong></span> <span class='ocrx_word' id='word_1_145' title='bbox 932 1723 1258 1786; x_wconf 13' lang='lat' dir='ltr'><strong>Namfprimum</strong></span> <span class='ocrx_word' id='word_1_146' title='bbox 1296 1723 1471 1780; x_wconf 83' lang='lat' dir='ltr'><strong>quidem</strong></span> <span class='ocrx_word' id='word_1_147' title='bbox 1499 1715 1558 1777; x_wconf 72' lang='lat' dir='ltr'><strong>ad</strong></span> 
     </span>
     <span class='ocr_line' id='line_1_22' title="bbox 310 1798 1558 1856; baseline -0.002 -9"><span class='ocrx_word' id='word_1_148' title='bbox 310 1803 611 1848; x_wconf 82' lang='lat' dir='ltr'><strong>illustrandam</strong></span> <span class='ocrx_word' id='word_1_149' title='bbox 645 1801 896 1847; x_wconf 86' lang='lat' dir='ltr'><strong>sententiam</strong></span> <span class='ocrx_word' id='word_1_150' title='bbox 934 1800 1135 1855; x_wconf 84' lang='lat' dir='ltr'><strong>quamvis</strong></span> <span class='ocrx_word' id='word_1_151' title='bbox 1167 1799 1433 1856; x_wconf 84' lang='lat' dir='ltr'><strong>probabilem</strong></span> <span class='ocrx_word' id='word_1_152' title='bbox 1465 1798 1558 1850; x_wconf 75' lang='lat' dir='ltr'><strong>non</strong></span> 
     </span>
     <span class='ocr_line' id='line_1_23' title="bbox 313 1867 1556 1934; baseline -0.001 -7"><span class='ocrx_word' id='word_1_153' title='bbox 313 1892 456 1927; x_wconf 89' lang='lat' dir='ltr'><strong>tamen</strong></span> <span class='ocrx_word' id='word_1_154' title='bbox 501 1881 815 1934; x_wconf 85' lang='lat' dir='ltr'><strong>certissimam,</strong></span> <span class='ocrx_word' id='word_1_155' title='bbox 855 1879 917 1923; x_wconf 87' lang='lat' dir='ltr'><strong>nil</strong></span> <span class='ocrx_word' id='word_1_156' title='bbox 948 1878 1094 1933; x_wconf 88' lang='lat' dir='ltr'><strong>aptius</strong></span> <span class='ocrx_word' id='word_1_157' title='bbox 1139 1888 1228 1921; x_wconf 87' lang='lat' dir='ltr'><strong>erat</strong></span> <span class='ocrx_word' id='word_1_158' title='bbox 1267 1878 1344 1922; x_wconf 89' lang='lat' dir='ltr'><strong>tali</strong></span> <span class='ocrx_word' id='word_1_159' title='bbox 1393 1867 1556 1927; x_wconf 74' lang='lat' dir='ltr'><strong>fabula.</strong></span> 
     </span>
     <span class='ocr_line' id='line_1_24' title="bbox 313 1950 1558 2015; baseline -0.001 -11"><span class='ocrx_word' id='word_1_160' title='bbox 313 1960 483 2004; x_wconf 87' lang='lat' dir='ltr'><strong>Deinde</strong></span> <span class='ocrx_word' id='word_1_161' title='bbox 504 1958 702 2004; x_wconf 86' lang='lat' dir='ltr'><strong>Platonis</strong></span> <span class='ocrx_word' id='word_1_162' title='bbox 725 1957 797 2001; x_wconf 91' lang='lat' dir='ltr'><strong>sui</strong></span> <span class='ocrx_word' id='word_1_163' title='bbox 830 1956 1126 2000; x_wconf 85' lang='lat' dir='ltr'><strong>auctoritatem</strong></span> <span class='ocrx_word' id='word_1_164' title='bbox 1157 1956 1448 2014; x_wconf 84' lang='lat' dir='ltr'><strong>sequebatur,</strong></span> <span class='ocrx_word' id='word_1_165' title='bbox 1475 1950 1558 2015; x_wconf 81' lang='lat' dir='ltr'><strong>qui</strong></span> 
     </span>
     <span class='ocr_line' id='line_1_25' title="bbox 312 2024 1559 2094; baseline -0.006 -13"><span class='ocrx_word' id='word_1_166' title='bbox 312 2035 580 2094; x_wconf 80' lang='lat' dir='ltr'><strong>gravissimis</strong></span> <span class='ocrx_word' id='word_1_167' title='bbox 617 2032 991 2089; x_wconf 82' lang='lat' dir='ltr'><strong>disputationibus</strong></span> <span class='ocrx_word' id='word_1_168' title='bbox 1026 2024 1079 2077; x_wconf 76' lang='lat' dir='ltr'><strong>d&#39;e</strong></span> <span class='ocrx_word' id='word_1_169' title='bbox 1113 2033 1276 2078; x_wconf 85' lang='lat' dir='ltr'><strong>animae</strong></span> <span class='ocrx_word' id='word_1_170' title='bbox 1306 2028 1559 2080; x_wconf 80' lang='lat' dir='ltr'><strong>immortali.</strong></span> 
     </span>
     <span class='ocr_line' id='line_1_26' title="bbox 313 2108 1556 2168; baseline -0.003 -10"><span class='ocrx_word' id='word_1_171' title='bbox 313 2123 433 2168; x_wconf 90' lang='lat' dir='ltr'><strong>tate,</strong></span> <span class='ocrx_word' id='word_1_172' title='bbox 463 2113 516 2157; x_wconf 90' lang='lat' dir='ltr'><strong>de</strong></span> <span class='ocrx_word' id='word_1_173' title='bbox 552 2112 742 2166; x_wconf 85' lang='lat' dir='ltr'><strong>virtute,</strong></span> <span class='ocrx_word' id='word_1_174' title='bbox 771 2120 813 2155; x_wconf 93' lang='lat' dir='ltr'><strong>et</strong></span> <span class='ocrx_word' id='word_1_175' title='bbox 831 2109 1036 2167; x_wconf 83' lang='lat' dir='ltr'><strong>justitia,</strong></span> <span class='ocrx_word' id='word_1_176' title='bbox 1065 2110 1114 2154; x_wconf 84' lang='lat' dir='ltr'><strong>in</strong></span> <span class='ocrx_word' id='word_1_177' title='bbox 1136 2109 1332 2166; x_wconf 67' lang='grc' dir='ltr'>θοι-εἰει,</span> <span class='ocrx_word' id='word_1_178' title='bbox 1361 2108 1556 2154; x_wconf 86' lang='lat' dir='ltr'><strong>Phaedo-</strong></span> 
     </span>
     <span class='ocr_line' id='line_1_27' title="bbox 308 2186 1552 2251; baseline -0.001 -16"><span class='ocrx_word' id='word_1_179' title='bbox 308 2204 392 2245; x_wconf 85' lang='lat' dir='ltr'><strong>ne,</strong></span> <span class='ocrx_word' id='word_1_180' title='bbox 421 2190 644 2245; x_wconf 88' lang='lat' dir='ltr'><strong>Phaedro,</strong></span> <span class='ocrx_word' id='word_1_181' title='bbox 673 2186 916 2251; x_wconf 35' lang='lat' dir='ltr'><strong>et-decimo</strong></span> <span class='ocrx_word' id='word_1_182' title='bbox 941 2188 995 2233; x_wconf 90' lang='lat' dir='ltr'><strong>de</strong></span> <span class='ocrx_word' id='word_1_183' title='bbox 1021 2187 1264 2244; x_wconf 73' lang='lat' dir='ltr'><strong>Republica</strong></span> <span class='ocrx_word' id='word_1_184' title='bbox 1301 2188 1552 2234; x_wconf 79' lang='lat' dir='ltr'><strong>simillimos</strong></span> 
     </span>
     <span class='ocr_line' id='line_1_28' title="bbox 308 2254 1556 2325; baseline -0.004 -13"><span class='ocrx_word' id='word_1_185' title='bbox 308 2268 509 2325; x_wconf 79' lang='lat' dir='ltr'><strong>epilogos</strong></span> <span class='ocrx_word' id='word_1_186' title='bbox 530 2266 811 2321; x_wconf 84' lang='lat' dir='ltr'><strong>imposuerat.</strong></span> <span class='ocrx_word' id='word_1_187' title='bbox 871 2254 1076 2319; x_wconf 84' lang='lat' dir='ltr'><strong>Denique</strong></span> <span class='ocrx_word' id='word_1_188' title='bbox 1098 2255 1301 2321; x_wconf 83' lang='lat' dir='ltr'><strong>Epicurei</strong></span> <span class='ocrx_word' id='word_1_189' title='bbox 1323 2262 1406 2321; x_wconf 84' lang='lat' dir='ltr'><strong>etsi</strong></span> <span class='ocrx_word' id='word_1_190' title='bbox 1427 2261 1556 2307; x_wconf 76' lang='lat' dir='ltr'><strong>fabu-</strong></span> 
     </span>
     <span class='ocr_line' id='line_1_29' title="bbox 307 2340 1552 2397; baseline -0.005 -6"><span class='ocrx_word' id='word_1_191' title='bbox 307 2349 372 2391; x_wconf 85' lang='lat' dir='ltr'><strong>las</strong></span> <span class='ocrx_word' id='word_1_192' title='bbox 396 2347 450 2390; x_wconf 83' lang='lat' dir='ltr'><strong>de</strong></span> <span class='ocrx_word' id='word_1_193' title='bbox 479 2343 630 2390; x_wconf 86' lang='lat' dir='ltr'><strong>inferis</strong></span> <span class='ocrx_word' id='word_1_194' title='bbox 654 2346 707 2389; x_wconf 83' lang='lat' dir='ltr'><strong>ad</strong></span> <span class='ocrx_word' id='word_1_195' title='bbox 731 2344 885 2389; x_wconf 87' lang='lat' dir='ltr'><strong>anilem</strong></span> <span class='ocrx_word' id='word_1_196' title='bbox 911 2342 1148 2387; x_wconf 87' lang='lat' dir='ltr'><strong>referebant</strong></span> <span class='ocrx_word' id='word_1_197' title='bbox 1170 2340 1552 2397; x_wconf 81' lang='lat' dir='ltr'><strong>superstitionem,</strong></span> 
     </span>
     <span class='ocr_line' id='line_1_30' title="bbox 306 2406 1553 2480; baseline -0.002 -14"><span class='ocrx_word' id='word_1_198' title='bbox 306 2434 398 2469; x_wconf 84' lang='lat' dir='ltr'><strong>non</strong></span> <span class='ocrx_word' id='word_1_199' title='bbox 425 2433 565 2466; x_wconf 85' lang='lat' dir='ltr'><strong>tamen</strong></span> <span class='ocrx_word' id='word_1_200' title='bbox 583 2422 647 2470; x_wconf 78' lang='lat' dir='ltr'><strong>ita</strong></span> <span class='ocrx_word' id='word_1_201' title='bbox 674 2415 965 2480; x_wconf 82' lang='lat' dir='ltr'><strong>abjiciebant,</strong></span> <span class='ocrx_word' id='word_1_202' title='bbox 995 2429 1046 2464; x_wconf 89' lang='lat' dir='ltr'><strong>ut</strong></span> <span class='ocrx_word' id='word_1_203' title='bbox 1076 2420 1242 2464; x_wconf 86' lang='lat' dir='ltr'><strong>nullam</strong></span> <span class='ocrx_word' id='word_1_204' title='bbox 1270 2418 1325 2464; x_wconf 87' lang='lat' dir='ltr'><strong>iis</strong></span> <span class='ocrx_word' id='word_1_205' title='bbox 1348 2406 1553 2464; x_wconf 78' lang='lat' dir='ltr'><strong>utilitatis</strong></span> 
     </span>
     <span class='ocr_line' id='line_1_31' title="bbox 1458 2508 1557 2554; baseline 0 -23"><span class='ocrx_word' id='word_1_206' title='bbox 1458 2508 1557 2554; x_wconf 58' lang='lat' dir='ltr'><strong>pn-</strong></span> 
     </span>
    </p>
   </div>
  </div>
 </body>
</html>
