1624 3016
343 164 452 211 An
510 132 1115 209 Ennesrtum.
1280 151 1366 207 sog

105 288 342 337 studiorum
355 287 493 343 generi
505 298 591 331 non
602 284 812 336 faverent,
826 282 892 326 vel
905 277 1048 341 quod
1035 289 1129 333 ipse
1139 306 1156 330 ‚
1172 273 1247 333 qui
1261 286 1378 318 sem-

108 358 184 415 per
198 363 239 405 οὗ
253 361 377 405 δοκεῖν
392 358 494 405 ἀλλ’
508 356 606 403 eim
630 358 823 410 ἐβούλετο
837 385 854 409 ,
867 350 1029 396 adulari
1050 360 1127 392 nec
1150 349 1274 392 veliet
1296 359 1379 392 nee

107 434 273 484 posset.
305 429 415 472 Nam
433 429 549 485 quod
559 425 828 470 Lutheranae
841 424 1049 468 formulae
1071 420 1264 464 adfictus
1277 430 1344 462 est
1357 450 1381 473 ,

105 499 151 542 id
173 501 340 557 quidem
368 500 412 544 in
433 511 479 542 ea
503 498 724 542 Academia
750 498 811 547 nil
836 496 978 540 obest.
1040 493 1098 537 Et
1122 503 1240 549 pater
1261 500 1389 534 meus

101 571 465 626 prudentissimus
494 567 876 624 integerrimnsque
898 569 988 618 vir,
1010 577 1106 613 cum
1131 564 1273 618 ipsius
1296 573 1385 604 me·

102 640 188 683 rito
220 649 309 683 tum
343 638 424 683 mei
456 646 608 681 caussa
636 649 729 680 eum
758 639 815 680 ita
847 637 1044 690 amabat,
1085 645 1134 679 ut
1167 646 1243 689 per
1283 643 1386 677 eunt

105 713 274 766 quidem
302 711 365 756 nil
389 722 475 755 non
499 709 701 764 praeclari
725 713 948 753 assecutus
981 718 1111 754 esset.
1170 703 1384 748 Ceterum

99 781 289 837 Bangius
321 793 417 825 cum
451 782 611 825 videret
643 793 689 825 ea
727 793 821 824 esse
854 779 1076 824 hominum
1122 774 1292 830 ingenia
1329 780 1382 816 ut

105 865 270 898 omnem
308 852 391 897 Gr.
422 853 632 902 literarum
662 836 887 895 utilitatem
928 849 990 893 N.
1023 844 1287 893 Testamenti
1312 843 1379 888 in·

100 926 401 980 terpretatione
422 926 695 975 metirentur,
717 934 805 967 non
819 921 892 964 illa
915 919 1094 975 eleganti
1118 929 1225 973 quae
1245 925 1385 960 arcem

105 994 370 1054 Theologiae
389 1006 502 1040 tenet
526 1006 719 1056 quaeque
742 1005 794 1038 cx
813 1002 1010 1040 accurata
1029 989 1297 1053 grammatica
1315 1000 1385 1031 ra·

95 1065 242 1120 tione,
274 1069 510 1124 linguarum
535 1058 740 1120 scientia,
760 1074 800 1107 et
821 1061 1087 1117 antiquitatis
1114 1072 1195 1103 usu
1222 1059 1387 1114 efflore-

99 1136 214 1189 scit,
234 1138 306 1181 sed
323 1139 465 1195 jejuna
490 1139 561 1182 illa
580 1149 623 1186 et
649 1136 838 1182 mendica
861 1147 909 1178 ac
935 1135 986 1176 ab
1008 1131 1124 1175 omni
1150 1128 1382 1185 elegantiae

96 1204 296 1257 antiquae
317 1208 600 1258 instrumento
623 1220 763 1254 vacua
779 1238 796 1262 ,
815 1219 923 1263 quae
950 1216 997 1249 ut
1016 1203 1133 1248 nosti
1155 1205 1384 1256 exegeseod

99 1276 270 1320 nomine
311 1291 457 1323 omnes
494 1267 832 1335 protestantium
871 1278 1050 1322 ‘scholas
1096 1281 1346 1327 perV²8⁸²¹¹f
1361 1281 1379 1313 ἓ

95 1346 180 1390 hoc
216 1349 348 1401 igitur
381 1360 481 1392 cum
534 1352 726 1403 videret,
765 1348 938 1395 scholas
971 1344 1195 1400 professus
1226 1352 1293 1385 est
1333 1341 1380 1384 in

100 1417 491 1463 Chrestomathiam
515 1408 780 1476 patristicam
802 1430 825 1461 a
842 1413 999 1470 Burgio
1026 1414 1270 1467 editam‚ad
1291 1425 1384 1457 eas-

104 1488 193 1542 'que
217 1488 531 1542 elegantissime
555 1494 722 1549 scripto
741 1479 1051 1545 programmate
1071 1488 1249 1542 juvenes
1271 1485 1385 1530 invi·

97 1561 222 1609 tavit.
282 1562 586 1620 Nequiquam:
619 1575 695 1607 nec
725 1562 834 1605 enim
871 1559 1043 1603 hebetes
1071 1568 1231 1601 mentes
1268 1559 1377 1600 hanc

95 1633 324 1688 elegantiae
350 1620 434 1678 vim
459 1646 605 1688 capere
626 1640 840 1693 poterant.
886 1629 1036 1684 ltaque
1061 1630 1156 1672 daia
1185 1630 1379 1672 occasio-

95 1713 150 1746 ne
197 1705 478 1750 sacerdotium
515 1705 800 1751 Gosi'eldense
838 1712 989 1747 nactus
1019 1713 1094 1744 rus
1128 1703 1370 1747 concessit.

93 1773 250 1818 Verum
278 1789 366 1831 quo
393 1778 491 1821 loco
516 1777 645 1820 veluti
668 1772 948 1828 tranquillum
974 1775 1267 1822 honestissimi
1289 1773 1373 1817 otii

92 1856 266 1901 portum
293 1847 480 1898 subiisse
497 1848 748 1902 videbatur,
766 1843 824 1886 ibi
841 1843 1047 1899 majorum
1073 1858 1264 1890 curarum
1287 1846 1380 1888 sol-

97 1917 464 1974 licitudinumque
498 1918 704 1964 fluctibus
735 1915 923 1972 agitatus
949 1926 1030 1964 est.
1091 1917 1200 1961 Nam
1240 1917 1373 1960 homo

93 2000 304 2034 venustus
343 1990 419 2051 qui
451 1991 718 2034 decessorum
753 1999 936 2034 suorum
980 1990 1213 2033 barbariem
1249 1987 1378 2042 sequi

89 2062 255 2116 nollet,
293 2074 393 2112 eum
426 2060 627 2123 quaedam
661 2058 715 2103 ab
746 2058 932 2104 inimicis
965 2062 1094 2108 etiam
1130 2060 1369 2104 discordiae

94 2135 255 2178 semina
285 2144 615 2196 spargerentur,
654 2132 912 2176 rusticarum
949 2131 1181 2175 animarum
1223 2130 1378 2175 conci·

91 2204 193 2247 liare
221 2204 305 2248 sibi
339 2217 519 2254 amorem
550 2216 639 2256 non
667 2209 832 2260 potuit.
894 2207 960 2249 lta
996 2205 1067 2248 illa
1102 2204 1168 2248 vis
1204 2201 1368 2259 ingenii

89 2286 188 2320 nata
210 2278 414 2333 iuvenum
438 2276 620 2333 ingeniis
639 2275 692 2319 ad
712 2274 924 2322 literarum
947 2274 1247 2318 humanitatem
1271 2285 1370 2316 eru-

90 2346 257 2391 diendis
297 2361 394 2392 cum
428 2348 583 2405 agresti
620 2345 786 2391 feritate
818 2348 1052 2393 conflictari
1095 2359 1233 2401 seque
1277 2346 1375 2401 ipsa

90 2416 302 2460 conficere
335 2418 524 2475 cogitur.
582 2418 699 2465 Huic
744 2419 848 2473 Tu,
883 2419 920 2464 si
958 2429 1072 2462 tuam
1107 2418 1371 2462 voluntatem

91 2489 326 2544 addixeris,
358 2489 548 2537 servabis
583 2492 846 2539 eruditorum
871 2491 1041 2537 civitati
1069 2491 1282 2535 hominem
1311 2493 1374 2533 in·

89 2559 202 2616 mgni
235 2573 514 2621 accurataque
548 2565 787 2612 divinarum
825 2574 967 2608 rerum
1000 2563 1370 2615 humanarumque

99 2630 103 2633 Δ
761 2636 868 2685 Eee
894 2647 924 2696 3
1231 2633 1377 2680 scien-
