1624 3016
374 198 558 249 v1'rA
595 199 657 245 D.
700 195 1162 246 RUHNKENRL‘
1288 196 1397 254 602,

149 323 402 370 auctoritate
433 322 590 367 versati
619 321 725 366 sint.
788 321 841 366 P.
868 319 1297 368 Verissimemonesz
1329 330 1380 368 et

147 401 330 445 obsecro
354 408 424 452 te,
455 408 504 441 ut
537 396 645 441 mihi
665 396 847 451 aliquem
868 394 1058 439 libellum
1081 396 1262 451 des,'ex
1281 408 1377 453 quo·

147 476 250 520 haec
270 474 410 518 omnia
430 474 550 518 brevi
573 482 762 526 tempore
783 471 960 517 discam.
993 470 1053 517 R.
1074 470 1148 515 Tu
1166 473 1375 528 quidem,

146 556 176 599 θ
198 555 340 607 bone,
359 551 499 597 omnia
518 563 570 595 ex
587 548 744 593 libellis
766 548 1022 602 quibusdam
1045 548 1210 603 percipi
1239 561 1372 605 posse

50 624 52 626 ’
146 641 298 687 putas,
318 630 392 686 qui
410 628 577 674 scilicet
590 627 712 670 illum
730 625 781 668 de
796 623 987 668 Historia
1001 623 1192 667 libellum
1207 654 1224 677 ,
1239 636 1370 680 quem

143 710 364 766 magistrae
386 718 482 753 tuae
500 705 673 750 recitare
693 704 809 748 soles
822 732 841 756 ,
857 699 1096 747 edidicistiz
1123 713 1260 756 neque
1281 703 1367 748 hoe

140 786 202 832 ita
224 787 352 840 dico,
379 796 429 829 sc
454 783 493 828 si
515 792 559 827 te
577 779 737 826 laboris
758 778 824 823 tui
842 810 858 831 .
884 787 959 822 aut
980 776 1206 833 magistrse
1234 786 1367 833 tuae,

0 836 19 921 Ξ·
139 862 358 919 poenitere
387 859 564 911 debent,
593 868 703 912 quae
741 852 1012 898 utilissimam
1047 862 1132 895 rem
1167 849 1272 894 fecit
1299 851 1366 894 in·

0 945 9 998 ,¹
135 939 340 984 culcanda
373 935 598 980 memoriae
630 942 728 977 tuae
762 931 843 976 hac
872 928 1026 985 puerili
1050 927 1265 973 Historiae
1288 939 1366 971 co·

135 1016 355 1073 gnitionet
372 1026 485 1058 nunc
508 1023 679 1066 tempus
689 1019 784 1063 est,
806 1006 1015 1064 judicium
1027 1015 1248 1059 exercere,
1264 1002 1368 1048 viri-

50 1107 53 1114 ·
137 1095 220 1139 lem
242 1092 459 1138 doctrinne
475 1090 678 1135 rationem
700 1085 964 1140 consectari,
983 1095 1091 1140 quse
1106 1083 1265 1127 dicitur
1282 1082 1369 1126 cri·

137 1170 223 1214 tica
254 1169 386 1213 ratior
417 1168 518 1211 hsce
538 1177 626 1211 non
649 1163 830 1218 subito,
860 1172 903 1207 et
929 1162 1057 1206 unius
1082 1159 1216 1204 libelli
1239 1158 1370 1213 quasi

134 1244 293 1291 haustu
315 1243 579 1301 percipitur=
597 1242 731 1287 libros
749 1243 802 1287 de
822 1253 868 1286 ea
890 1240 1075 1297 scriptos
1088 1248 1179 1283 tum
1192 1237 1365 1285 demum

133 1324 343 1380 intelliges
377 1331 420 1367 et
448 1334 546 1366 cum
576 1321 724 1366 fructu
763 1321 906 1376 leges,
937 1318 974 1363 si
1006 1318 1059 1361 sd
1089 1329 1179 1360 eam
1204 1314 1366 1360 sensim

129 1401 368 1446 adsueveris
391 1400 616 1456 diligenter
637 1399 886 1443 ventitando
912 1398 957 1441 in
983 1397 1155 1440 scholas
1187 1394 1368 1440 Profes-

131 1489 276 1522 sorum
299 1476 536 1521 Histornm
559 1476 631 1521 illa
653 1475 816 1520 rstione
836 1474 1110 1520 tradentium.

186 1558 252 1601 lta
265 1555 551 1600 Ruhnkenius
561 1564 602 1599 et
613 1554 813 1608 hunc‚et
837 1554 943 1598 alios
965 1565 1091 1608 saepe
1115 1552 1361 1596 adolescen-

127 1636 219 1684 tes,
249 1631 273 1675 a
307 1629 414 1675 false
437 1629 667 1685 sapientiae
695 1630 899 1685 opinione
923 1638 965 1674 et
992 1628 1170 1685 puerilis
1190 1628 1367 1673 institu-

127 1707 260 1751 tionis
284 1706 497 1752 erroribus
519 1707 743 1760 liberavit,
765 1717 893 1760 atque
912 1706 964 1749 ad
984 1718 1031 1749 se
1051 1705 1194 1760 ipsum
1214 1716 1365 1762 quem-

128 1782 213 1837 que
233 1783 578 1838 cognoscendum
594 1813 611 1839 ,
635 1792 878 1837 rectamque
897 1782 1140 1829 studiorum
1158 1780 1273 1828 viem
1296 1782 1366 1826 in-

67 1900 69 1903 ,
126 1860 419 1914 mundam.
446 1861 680 1910 convertit.

130 1959 134 1966 ·
181 1936 376 1981 Alterum
397 1943 580 1991 pensum
595 1946 686 1981 erat
701 1935 1023 1991 Antiquitatum
1044 1935 1358 1983 Romanarum.

124 2012 217 2057 Has
248 2013 348 2056 item
380 2012 600 2058 enarrabat
635 2014 660 2057 ὸ
697 2013 869 2056 dictatis
903 2024 1056 2068 magns
1081 2022 1363 2068 accurstsque

122 2089 345 2145 diligentia
381 2089 556 2145 scriptis
573 2120 592 2144 ,
624 2088 783 2144 quibus
817 2088 876 2134 nil
910 2099 1024 2134 esset
1051 2090 1119 2134 vel
1144 2089 1196 2134 ad
1214 2089 1367 2146 cogni·

125 2166 285 2213 tionem
302 2167 537 2224 iucundius
561 2166 630 2212 vel
646 2168 699 2211 ad
727 2178 854 2212 usum
886 2160 1190 2222 praestantius.
1248 2165 1362 2211 Nam

126 2252 169 2286 et
189 2243 385 2287 universe
404 2245 541 2292 totius
566 2245 624 2288 rei
642 2243 850 2300 publicae
864 2243 1120 2300 imperiique
1138 2243 1360 2301 ingenium

128 2330 172 2363 et
191 2331 416 2375 caussam,
448 2330 490 2365 et
512 2321 775 2378 singularum
803 2321 992 2377 partium
1031 2321 1251 2376 formam,
1277 2331 1366 2365 sta·

126 2405 218 2440 tum
233 2427 249 2450 ,
278 2398 615 2453 conversiones,
639 2399 837 2443 ordinum
857 2400 951 2455 jura
974 2409 1018 2444 et
1037 2398 1362 2453 conditionem,

128 2474 454 2528 magistratuum
496 2487 666 2521 munera
688 2506 706 2530 ,
747 2489 879 2532 porro
910 2477 1110 2522 instituta
1134 2506 1152 2531 ,
1195 2488 1362 2530 mores,

112 2550 284 2608 -leges,
326 2552 372 2597 in
405 2553 536 2598 rebus
567 2553 792 2610 publicis,
830 2554 1044 2613 privatis,
1081 2555 1364 2608 domesticis,

1300 2624 1365 2676 εἷ’,
