1624 3016
290 159 375 208 618
513 155 698 204 vrrA
743 154 803 205 D.
851 147 1300 207 Rnflnxzmr.

300 281 498 333 memoria
523 282 740 328 vixerunt.
799 280 858 326 R.
890 278 1019 328 Unde
1050 281 1186 340 igitur
1204 283 1355 331 harum
1388 294 1537 330 rernm

297 360 494 408 notitiam
532 357 823 415 aeceperunt?
882 357 927 403 Ρ.
963 358 1031 403 Ex
1070 359 1166 404 aliia
1201 359 1323 405 iibri·
1355 360 1437 406 fide
1469 361 1539 405 dl·

298 437 410 494 gnis.
474 434 535 481 R.
567 433 755 479 Nostine
773 433 881 478 eos?
938 433 988 478 P.
1014 433 1119 479 Non
1146 436 1269 483 novi.
1326 435 1384 483 R.
1408 437 1536 496 Quo·

298 514 428 558 modo
455 511 587 567 igitur
608 524 712 565 eos,
744 522 860 565 quos
889 522 977 555 non
1001 511 1151 564 nosti,
1181 512 1310 556 audes
1335 512 1537 558 affirmare

297 601 394 635 esse
424 587 504 632 fide
530 586 722 643 dignos?
778 586 829 631 P.
857 575 998 631 Credo
1022 587 1259 644 magistrae.
1319 587 1378 634 R.
1413 587 1539 648 Quot

299 677 439 712 annos
473 672 601 709 natus
637 661 722 706 es?
780 661 828 706 P.
860 662 1135 718 Quindecim.
1197 663 1254 709 R.
1280 662 1420 709 Ecce!
1448 665 1538 722 με.

297 754 434 799 prope
456 740 731 791 adolescens,
765 746 808 783 et
836 738 1034 793 magistra
1065 747 1108 783 te
1137 739 1278 785 adhue
1309 748 1461 785 tractat
1483 747 1536 787 nt

300 819 509 874 puellum.
552 815 602 858 P.
626 813 747 872 Quid
772 813 863 857 ita?
921 813 977 857 R.
1003 812 1120 875 Quia
1145 814 1258 869 tibi,
1288 825 1336 860 ut
1359 817 1539 872 puello,

301 894 516 945 fabulam,
548 891 605 934 ita
631 889 863 932 Historiam
889 900 1054 935 narrat=
1085 900 1141 935 an
1173 903 1278 936 vero
1304 901 1432 946 putas
1455 891 1540 937 ffl-

300 971 474 1013 storiam
492 996 510 1020 ,
542 977 666 1020 quarn
695 964 765 1007 iiia
793 973 835 1008 te
863 964 1019 1018 docet,
1050 976 1190 1012 veram
1219 966 1345 1011 esse?
1375 977 1452 1013 ant
1474 968 1541 1014 nii

300 1058 372 1087 tua
409 1043 565 1096 refert,
587 1039 733 1088 fabula
759 1039 838 1084 tibi
861 1052 943 1096 pro
965 1053 1066 1087 vero
1089 1042 1264 1090 narrari.
1323 1043 1375 1091 Ρ.
1400 1044 1540 1091 Immo

306 1125 488 1166 mu‘0tum
532 1131 622 1163 mea
664 1115 816 1161 resertt
859 1117 935 1161 sed
977 1118 1073 1163 ocio
1108 1130 1204 1163 vera
1238 1121 1379 1166 omnia
1417 1133 1540 1178 ease,

303 1210 412 1254 quae
441 1196 495 1240 ab
523 1196 596 1240 illa
629 1194 849 1240 docemur.
907 1191 968 1241 R.
1007 1193 1055 1238 Si
1095 1194 1178 1239 hoc
1212 1195 1332 1250 scis,
1362 1209 1539 1244 necesse

300 1284 366 1321 est
395 1282 439 1318 te
474 1270 588 1316 scire
613 1270 850 1323 rationem,
881 1281 967 1324 qua
992 1281 1137 1315 verum
1173 1272 1196 1315 a
1232 1271 1345 1317 falso
1382 1272 1542 1318 discet·

219 1402 225 1410 ¹
301 1364 398 1396 nas.
456 1349 506 1394 P.
537 1346 642 1392 Non
672 1345 767 1391 seio
798 1345 905 1390 hanc
932 1346 1165 1399 rationem,
1196 1349 1270 1392 sed
1300 1350 1428 1394 credo
1451 1361 1542 1395 ma-

300 1429 488 1485 gistrae,
520 1424 622 1480 quia
653 1423 781 1467 docta
813 1432 857 1466 et
889 1421 1071 1467 veridica
1098 1433 1182 1469 est.
1240 1422 1300 1468 R.
1331 1422 1464 1470 Viden
1495 1435 1541 1471 te

304 1502 388 1548 tibi
418 1513 507 1546 non
534 1508 761 1552 constare,
793 1499 922 1542 modo
945 1498 1063 1553 scis,
1094 1500 1226 1543 modo
1250 1501 1417 1555 nescis,
1436 1512 1543 1547 ‘mo-

302 1580 360 1623 do
383 1578 538 1621 credis.
595 1576 646 1622 P.
669 1575 775 1620 Non
797 1587 975 1630 possum
1003 1575 1083 1619 tibi
1102 1585 1187 1620 tam
1212 1575 1338 1619 facile
1363 1588 1542 1632 respon·

301 1657 400 1698 dere
430 1665 478 1695 ac
514 1651 768 1707 magistrae3
813 1652 915 1695 haec
946 1651 1086 1706 enirn,
1115 1653 1263 1697 nescio
1287 1655 1541 1708 quomodo,

299 1732 474 1778 facilius
511 1730 759 1783 interrogat.
834 1727 892 1775 R.
923 1727 1088 1784 Igitur,
1129 1731 1159 1773 ὁ
1192 1729 1333 1782 bone,
1365 1728 1539 1774 facilius

306 1819 350 1853 te
385 1805 688 1861 interrogabo:
719 1804 917 1848 Historia
942 1804 1048 1858 quid
1069 1805 1226 1858 tradit,
1257 1818 1460 1851 verumne
1486 1818 1543 1851 an

303 1883 494 1929 fletum?
554 1881 602 1925 P.
628 1880 821 1933 Verum,
852 1878 1078 1935 profecto!
1129 1880 1187 1928 R.
1218 1880 1455 1925 Historiam
1477 1894 1542 1926 er·

303 1972 360 2017 go
380 1973 434 2003 an
468 1957 568 2012 quis
605 1957 766 2000 tradere
793 1965 869 1999 aut
901 1956 1095 2011 accipere
1122 1966 1261 2011 recte,
1289 1958 1443 2002 docere
1465 1967 1543 2002 aut

303 2037 497 2086 discere,
525 2041 702 2088 potest,
739 2031 815 2086 qui
840 2043 986 2076 verum
1011 2044 1036 2075 a
1059 2031 1164 2076 fleto
1197 2032 1434 2077 discernere
1470 2046 1547 2077 ne-

304 2111 433 2168 quit?
488 2109 538 2154 P.
575 2108 754 2153 Nescio.
815 2107 874 2152 R.
910 2106 1107 2153 Nescis?
1137 2121 1191 2152 an
1227 2108 1327 2152 item
1365 2110 1543 2164 neseis,
1620 2162 1624 2163 ⁷

304 2202 359 2234 an
399 2186 594 2231 Historia
641 2185 825 2240 aliquus
868 2182 1069 2229 utilitatis
1115 2197 1269 2229 caussa
1316 2185 1540 2231 discatur?

255 2273 258 2277 ’
301 2266 352 2315 Ρ.
385 2265 446 2308 Et
481 2273 656 2318 magnae
674 2311 682 2320 ,
700 2260 898 2314 quidem,
939 2260 1128 2316 opinor,
1159 2261 1363 2306 utilitatis
1390 2272 1544 2307 caussa

309 2341 507 2387 discitur.
566 2337 626 2382 R.
665 2336 789 2394 Quae
819 2345 886 2379 est
917 2336 990 2380 ina
1026 2337 1228 2381 utilitas?
1283 2338 1335 2382 P.
1358 2336 1539 2385 Nescio,

303 2417 364 2463 R.
398 2417 558 2460 Nonne
597 2413 677 2458 tibi
708 2413 910 2468 magistra
943 2413 1161 2466 narravit,
1200 2415 1428 2457 multarum
1459 2397 1543 2458 do'·

312 2493 542 2542 ctrinarum
567 2490 843 2535 fundamenta
869 2489 915 2535 in
935 2488 1065 2537 factis
1107 2489 1326 2535 historicis
1348 2502 1442 2534 esse
1461 2505 1543 2546 po-

1480 2578 1542 2612 81-
