1624 3016
334 155 339 159 ·
398 115 491 174 ιη’
506 121 862 174 PLUTARCHI
899 122 1199 176 Momm.
1322 137 1413 189 4,,

182 247 298 302 blica
318 239 506 297 utilitate
533 251 749 298 cohibere,
806 251 935 299 Forte
956 251 1182 306 aliquanto
1214 252 1412 301 meliores

180 318 486 389 pienioresque
509 339 622 372 meae
641 327 812 373 futurae
837 335 954 371 erant
975 316 1417 384 Animadversiouee,

186 406 225 450 si
247 418 316 450 eas
340 404 464 448 etiam
482 416 627 458 nunc,
658 403 776 459 quod
800 403 953 456 aiunt,
975 413 1140 447 nonum
1164 404 1416 459 pressissem

185 484 233 528 iu
259 495 446 527 annumr
478 491 521 527 at
547 493 602 526 ne
621 481 686 525 sic
711 480 914 535 quidem,
942 491 1081 535 neque
1108 481 1177 524 bis
1201 495 1250 526 ac
1276 483 1419 537 terin

189 573 353 606 nonum
381 570 552 616 pressae
584 569 770 611 annum,
799 557 853 621 ad
875 556 988 600 illam
1012 554 1317 611 perfectionem
1342 572 1419 605 ve·

187 635 380 690 nissent,
421 644 586 690 semper
610 643 760 688 magna
794 630 840 675 in
881 629 1170 675 mediocritate
1193 634 1419 680 substitis-

187 720 300 757 sent.
359 709 491 768 Quod
515 720 570 755 ne
601 708 673 753 cui
708 707 864 753 mirum
894 707 1161 764 dubiumque
1190 709 1420 767 videatur,

185 787 247 832 ita
265 798 428 832 mecum
450 797 537 830 rem
560 784 794 842 perpendat
816 796 864 830 ac
891 793 1074 841 reputet.

243 865 357 911 Nam
390 863 490 918 illa,
530 862 582 907 de
608 862 768 918 quibus
797 862 1014 918 diximus,
1053 862 1423 920 Interpretationis

186 941 470 985 instrumenta
497 951 621 984 nemo
653 950 774 992 non,
814 939 891 994 qui
919 938 1001 983 hoc
1027 940 1145 996 agit,
1176 953 1425 998 comparare

188 1019 276 1063 sibi
299 1030 430 1075 posse
453 1026 643 1074 putatur.
706 1005 855 1061 Veluti
870 1047 887 1071 ,
921 1027 970 1061 ut
992 1029 1045 1063 ex
1063 1017 1131 1062 his
1156 1030 1289 1064 unum
1305 1048 1323 1075 ,
1348 1023 1425 1067 sed

190 1097 363 1143 maximi
392 1097 501 1141 illud
531 1095 766 1150 momenti,
795 1108 1052 1152 memorem,
1084 1099 1202 1153 quod
1234 1099 1427 1144 cernitur

189 1175 239 1220 in
258 1175 501 1232 colligendo
523 1187 661 1219 rerum
682 1175 997 1231 verborumque
1009 1186 1213 1232 apparatu
1228 1208 1246 1232 ,
1267 1178 1320 1223 de
1334 1190 1427 1233 quo

191 1254 281 1301 dixi
312 1252 357 1298 in
387 1251 653 1298 Praefatione
682 1266 730 1309 p.
760 1266 811 1310 19
841 1255 864 1311 (
880 1257 901 1280 ⁸
923 1255 973 1309 ):
1009 1254 1093 1299 hoc
1124 1254 1259 1311 igitur
1291 1258 1429 1314 tnagis

189 1330 351 1376 laboris
379 1328 427 1375 ad
457 1329 731 1387 diligentiae,
762 1343 887 1386 quam
915 1331 1076 1387 ingenii
1102 1343 1144 1376 et
1181 1331 1430 1390 felicitatis,

189 1416 405 1453 censetur.
463 1404 529 1452 Ut
547 1406 793 1462 Auctores,
821 1407 996 1464 inquit,
1026 1408 1262 1464 antiquos,
1292 1422 1340 1455 ac
1367 1422 1431 1455 re·

190 1486 404 1533 centiores
425 1485 525 1530 item
552 1484 746 1541 optimos
782 1484 983 1540 quidem,
1014 1485 1238 1542 legamus,
1273 1498 1327 1533 ex
1353 1487 1432 1532 iis·

193 1575 279 1622 que
303 1576 378 1608 eos
396 1573 671 1618 excerpamus
698 1553 821 1606 locos
848 1561 1011 1617 quibus
1035 1562 1273 1616 Auctoris,
1303 1575 1433 1617 quem

192 1644 403 1689 edendum
433 1643 733 1699 suscepimus,
765 1642 852 1687 loci
873 1642 1066 1689 difficiles
1089 1644 1365 1699 expediantur
1387 1655 1433 1690 et

195 1714 498 1775 illustrentur,
540 1719 587 1765 in
611 1730 759 1765 nostra
787 1730 853 1764 est
890 1728 1129 1777 potestate=
1163 1720 1267 1775 quid
1286 1722 1433 1776 enim,

196 1806 249 1845 ut
282 1798 366 1842 hoc
390 1797 574 1852 efficias,
604 1797 868 1853 requiritur,
898 1796 983 1842 nisi
1022 1807 1105 1851 ut,
1144 1799 1328 1854 primum
1362 1812 1436 1844 ve-

194 1876 280 1931 lis,
307 1875 458 1921 deinde
477 1885 527 1920 ut
549 1888 663 1931 opus
683 1875 968 1933 aggrediaris,
990 1885 1081 1919 tutu
1106 1876 1151 1921 in
1173 1875 1319 1920 labore
1342 1890 1438 1932 per-

197 1954 356 2006 sistas,
386 1964 583 2008 excerpas
606 1952 732 1995 locos
767 1955 1008 1997 Auctorum
1024 1981 1042 2005 ,
1072 1964 1233 2007 eosque
1255 1964 1437 1998 annotes

201 2031 254 2074 ad
276 2031 399 2075 locos
424 2029 490 2074 tui
517 2030 752 2075 Auctoris=
784 2031 867 2074 hoc
891 2030 1054 2087 igitur,
1085 2031 1260 2087 inquit,
1290 2033 1336 2078 in
1363 2047 1440 2079 ue.

202 2106 324 2164 gotio
354 2106 496 2150 omnia
515 2116 619 2150 sunt
641 2106 685 2150 in
708 2116 854 2151 nostra
875 2116 1116 2163 potestate,
1132 2108 1195 2152 nil
1217 2120 1442 2159 extraeam

202 2183 250 2228 in
279 2181 469 2227 fortuna.
525 2181 695 2236 Atqui,
737 2195 765 2226 o
796 2182 938 2236 bone,
981 2195 1089 2238 quae
1118 2193 1168 2228 tu
1198 2190 1432 2236 numerasti

208 2267 380 2303 nostrae
416 2258 704 2302 instrumenta
741 2251 981 2304 voluntatis
1013 2273 1061 2305 ac
1084 2263 1343 2318 potestatis,
1371 2277 1443 2309 ea·

206 2337 299 2383 dem
322 2345 426 2382 sunt
436 2335 635 2382 fortunae
653 2337 875 2396 subjecta:
905 2350 1047 2397 certe,
1065 2343 1275 2400 ejusmodi
1290 2356 1440 2390 eorum

1372 2429 1442 2466 est

255 2526 283 2577 (
293 2526 348 2580 ⁸¹)
375 2527 495 2582 [vid.
517 2541 652 2581 supra,
678 2531 812 2573 horum
838 2533 988 2584 opusc.
1010 2544 1053 2586 p.
1071 2533 1197 2587 a8o.]
