<?xml version="1.0" encoding="UTF-8"?>
<!DOCTYPE html PUBLIC "-//W3C//DTD XHTML 1.0 Transitional//EN"
    "http://www.w3.org/TR/xhtml1/DTD/xhtml1-transitional.dtd">
<html xmlns="http://www.w3.org/1999/xhtml" xml:lang="en" lang="en">
 <head>
  <title>
</title>
<meta http-equiv="Content-Type" content="text/html;charset=utf-8" />
  <meta name='ocr-system' content='tesseract 3.04.00' />
  <meta name='ocr-capabilities' content='ocr_page ocr_carea ocr_par ocr_line ocrx_word'/>
</head>
<body>
  <div class='ocr_page' id='page_1' title='image "./opusculavariiarg01wytt/opusculavariiarg01wytt_0307.png"; bbox 0 0 1624 3016; ppageno 0'>
   <div class='ocr_carea' id='block_1_1' title="bbox 277 169 1368 232">
    <p class='ocr_par' dir='ltr' id='par_1_1' title="bbox 277 169 1368 232">
     <span class='ocr_line' id='line_1_1' title="bbox 277 169 1368 232; baseline -0.002 -8"><span class='ocrx_word' id='word_1_1' title='bbox 277 170 639 224; x_wconf 73' lang='lat' dir='ltr'>PLuTARcffl</span> <span class='ocrx_word' id='word_1_2' title='bbox 667 171 1008 220; x_wconf 76' lang='lat' dir='ltr'>MORALmM</span> <span class='ocrx_word' id='word_1_3' title='bbox 1039 172 1145 220; x_wconf 71' lang='lat' dir='ltr'>vni.</span> <span class='ocrx_word' id='word_1_4' title='bbox 1167 169 1208 220; x_wconf 86' lang='lat'>1.</span> <span class='ocrx_word' id='word_1_5' title='bbox 1278 179 1368 232; x_wconf 70' lang='lat' dir='ltr'>,or</span> 
     </span>
    </p>
   </div>
   <div class='ocr_carea' id='block_1_2' title="bbox 86 294 1367 2206">
    <p class='ocr_par' dir='ltr' id='par_1_2' title="bbox 86 294 1367 2206">
     <span class='ocr_line' id='line_1_2' title="bbox 128 294 1363 361; baseline -0.002 -12"><span class='ocrx_word' id='word_1_6' title='bbox 128 310 314 361; x_wconf 80' lang='lat' dir='ltr'>quatur,</span> <span class='ocrx_word' id='word_1_7' title='bbox 351 299 394 344; x_wconf 82' lang='lat' dir='ltr'>si</span> <span class='ocrx_word' id='word_1_8' title='bbox 418 299 471 343; x_wconf 82' lang='lat' dir='ltr'>ad</span> <span class='ocrx_word' id='word_1_9' title='bbox 501 299 668 355; x_wconf 85' lang='lat' dir='ltr'>justum</span> <span class='ocrx_word' id='word_1_10' title='bbox 718 294 933 342; x_wconf 83' lang='lat' dir='ltr'>Historiae</span> <span class='ocrx_word' id='word_1_11' title='bbox 964 296 1153 342; x_wconf 76' lang='lat' dir='ltr'>criticae</span> <span class='ocrx_word' id='word_1_12' title='bbox 1183 299 1363 346; x_wconf 71' lang='lat' dir='ltr'>modam</span> 
     </span>
     <span class='ocr_line' id='line_1_3' title="bbox 124 371 1366 435; baseline -0.002 -13"><span class='ocrx_word' id='word_1_13' title='bbox 124 377 286 435; x_wconf 84' lang='lat' dir='ltr'>expleri</span> <span class='ocrx_word' id='word_1_14' title='bbox 308 376 459 431; x_wconf 88' lang='lat' dir='ltr'>nequit</span> <span class='ocrx_word' id='word_1_15' title='bbox 472 405 489 429; x_wconf 95' lang='lat'>,</span> <span class='ocrx_word' id='word_1_16' title='bbox 505 375 582 418; x_wconf 88' lang='lat' dir='ltr'>sed</span> <span class='ocrx_word' id='word_1_17' title='bbox 603 373 689 416; x_wconf 80' lang='lat' dir='ltr'>sere</span> <span class='ocrx_word' id='word_1_18' title='bbox 708 371 912 416; x_wconf 82' lang='lat' dir='ltr'>consistit</span> <span class='ocrx_word' id='word_1_19' title='bbox 933 372 1042 416; x_wconf 83' lang='lat' dir='ltr'>intra</span> <span class='ocrx_word' id='word_1_20' title='bbox 1068 373 1176 417; x_wconf 81' lang='lat' dir='ltr'>fines</span> <span class='ocrx_word' id='word_1_21' title='bbox 1197 373 1366 422; x_wconf 63' lang='lat' dir='ltr'>Indicia</span> 
     </span>
     <span class='ocr_line' id='line_1_4' title="bbox 122 446 1365 510; baseline -0.001 -12"><span class='ocrx_word' id='word_1_22' title='bbox 122 456 398 510; x_wconf 78' lang='lat' dir='ltr'>scriptorum</span> <span class='ocrx_word' id='word_1_23' title='bbox 428 451 506 505; x_wconf 89' lang='lat' dir='ltr'>qui</span> <span class='ocrx_word' id='word_1_24' title='bbox 543 447 760 494; x_wconf 78' lang='lat' dir='ltr'>Plutarchi</span> <span class='ocrx_word' id='word_1_25' title='bbox 804 446 994 501; x_wconf 83' lang='lat' dir='ltr'>aliquam</span> <span class='ocrx_word' id='word_1_26' title='bbox 1029 448 1238 494; x_wconf 81' lang='lat' dir='ltr'>rationem</span> <span class='ocrx_word' id='word_1_27' title='bbox 1286 452 1365 497; x_wconf 76' lang='lat' dir='ltr'>hs·</span> 
     </span>
     <span class='ocr_line' id='line_1_5' title="bbox 126 523 1367 583; baseline -0.006 -6"><span class='ocrx_word' id='word_1_28' title='bbox 126 532 328 577; x_wconf 81' lang='lat' dir='ltr'>buerunt.</span> <span class='ocrx_word' id='word_1_29' title='bbox 389 526 529 571; x_wconf 82' lang='lat' dir='ltr'>Habet</span> <span class='ocrx_word' id='word_1_30' title='bbox 557 534 700 569; x_wconf 79' lang='lat' dir='ltr'>autem</span> <span class='ocrx_word' id='word_1_31' title='bbox 731 523 833 566; x_wconf 84' lang='lat' dir='ltr'>haee</span> <span class='ocrx_word' id='word_1_32' title='bbox 870 523 1070 568; x_wconf 85' lang='lat' dir='ltr'>tractatio</span> <span class='ocrx_word' id='word_1_33' title='bbox 1103 534 1188 568; x_wconf 82' lang='lat' dir='ltr'>tres</span> <span class='ocrx_word' id='word_1_34' title='bbox 1211 526 1255 570; x_wconf 87' lang='lat' dir='ltr'>in</span> <span class='ocrx_word' id='word_1_35' title='bbox 1275 527 1367 583; x_wconf 79' lang='lat' dir='ltr'>pri·</span> 
     </span>
     <span class='ocr_line' id='line_1_6' title="bbox 125 599 1366 656; baseline -0.002 -3"><span class='ocrx_word' id='word_1_36' title='bbox 125 609 206 654; x_wconf 90' lang='lat' dir='ltr'>mis</span> <span class='ocrx_word' id='word_1_37' title='bbox 239 605 530 651; x_wconf 86' lang='lat' dir='ltr'>difficultates.</span> <span class='ocrx_word' id='word_1_38' title='bbox 601 599 741 645; x_wconf 80' lang='lat' dir='ltr'>Prima</span> <span class='ocrx_word' id='word_1_39' title='bbox 773 609 842 643; x_wconf 88' lang='lat' dir='ltr'>est</span> <span class='ocrx_word' id='word_1_40' title='bbox 879 600 926 643; x_wconf 93' lang='lat' dir='ltr'>in</span> <span class='ocrx_word' id='word_1_41' title='bbox 961 600 1216 656; x_wconf 81' lang='lat' dir='ltr'>colligendis</span> <span class='ocrx_word' id='word_1_42' title='bbox 1248 605 1366 651; x_wconf 77' lang='lat' dir='ltr'>Scri·</span> 
     </span>
     <span class='ocr_line' id='line_1_7' title="bbox 126 673 1366 743; baseline -0.004 -13"><span class='ocrx_word' id='word_1_43' title='bbox 126 695 304 743; x_wconf 82' lang='lat' dir='ltr'>prorum</span> <span class='ocrx_word' id='word_1_44' title='bbox 331 680 442 725; x_wconf 85' lang='lat' dir='ltr'>locis</span> <span class='ocrx_word' id='word_1_45' title='bbox 472 690 525 722; x_wconf 80' lang='lat' dir='ltr'>ex</span> <span class='ocrx_word' id='word_1_46' title='bbox 560 673 862 721; x_wconf 78' lang='lat' dir='ltr'>innumerabili</span> <span class='ocrx_word' id='word_1_47' title='bbox 894 674 1165 721; x_wconf 85' lang='lat' dir='ltr'>voluminum</span> <span class='ocrx_word' id='word_1_48' title='bbox 1188 680 1302 724; x_wconf 84' lang='lat' dir='ltr'>mole</span> <span class='ocrx_word' id='word_1_49' title='bbox 1320 691 1366 725; x_wconf 87' lang='lat' dir='ltr'>et</span> 
     </span>
     <span class='ocr_line' id='line_1_8' title="bbox 127 749 1365 813; baseline -0.009 -5"><span class='ocrx_word' id='word_1_50' title='bbox 127 749 426 812; x_wconf 77' lang='lat' dir='ltr'>multitudine3</span> <span class='ocrx_word' id='word_1_51' title='bbox 459 764 508 799; x_wconf 87' lang='lat' dir='ltr'>ut</span> <span class='ocrx_word' id='word_1_52' title='bbox 541 765 684 799; x_wconf 84' lang='lat' dir='ltr'>verear</span> <span class='ocrx_word' id='word_1_53' title='bbox 717 765 772 797; x_wconf 89' lang='lat' dir='ltr'>ne</span> <span class='ocrx_word' id='word_1_54' title='bbox 802 754 1046 808; x_wconf 71' lang='lat' dir='ltr'>complures</span> <span class='ocrx_word' id='word_1_55' title='bbox 1082 767 1150 798; x_wconf 82' lang='lat' dir='ltr'>me</span> <span class='ocrx_word' id='word_1_56' title='bbox 1174 755 1365 813; x_wconf 68' lang='lat' dir='ltr'>fugerint</span> 
     </span>
     <span class='ocr_line' id='line_1_9' title="bbox 127 810 1360 885; baseline -0.006 0"><span class='ocrx_word' id='word_1_57' title='bbox 127 851 170 885; x_wconf 90' lang='lat' dir='ltr'>et</span> <span class='ocrx_word' id='word_1_58' title='bbox 192 810 392 884; x_wconf 73' lang='lat' dir='ltr'>latuerint</span> <span class='ocrx_word' id='word_1_59' title='bbox 421 834 523 879; x_wconf 90' lang='lat' dir='ltr'>loei.</span> <span class='ocrx_word' id='word_1_60' title='bbox 582 831 730 875; x_wconf 80' lang='lat' dir='ltr'>Altera</span> <span class='ocrx_word' id='word_1_61' title='bbox 764 838 862 884; x_wconf 85' lang='lat' dir='ltr'>est,</span> <span class='ocrx_word' id='word_1_62' title='bbox 893 831 1012 885; x_wconf 88' lang='lat' dir='ltr'>quod</span> <span class='ocrx_word' id='word_1_63' title='bbox 1045 831 1098 875; x_wconf 86' lang='lat' dir='ltr'>de</span> <span class='ocrx_word' id='word_1_64' title='bbox 1132 823 1360 879; x_wconf 82' lang='lat' dir='ltr'>nonnullis</span> 
     </span>
     <span class='ocr_line' id='line_1_10' title="bbox 125 907 1364 964; baseline -0.006 -1"><span class='ocrx_word' id='word_1_65' title='bbox 125 917 237 963; x_wconf 90' lang='lat' dir='ltr'>locis</span> <span class='ocrx_word' id='word_1_66' title='bbox 258 926 348 959; x_wconf 87' lang='lat' dir='ltr'>non</span> <span class='ocrx_word' id='word_1_67' title='bbox 372 920 491 956; x_wconf 90' lang='lat' dir='ltr'>certo</span> <span class='ocrx_word' id='word_1_68' title='bbox 514 918 718 961; x_wconf 90' lang='lat' dir='ltr'>constat,</span> <span class='ocrx_word' id='word_1_69' title='bbox 748 907 892 952; x_wconf 85' lang='lat' dir='ltr'>sintne</span> <span class='ocrx_word' id='word_1_70' title='bbox 924 907 979 952; x_wconf 87' lang='lat' dir='ltr'>ab</span> <span class='ocrx_word' id='word_1_71' title='bbox 1004 907 1143 963; x_wconf 83' lang='lat' dir='ltr'>ipsis,</span> <span class='ocrx_word' id='word_1_72' title='bbox 1174 922 1364 964; x_wconf 85' lang='lat' dir='ltr'>quorum</span> 
     </span>
     <span class='ocr_line' id='line_1_11' title="bbox 131 985 1363 1042; baseline -0.012 -5"><span class='ocrx_word' id='word_1_73' title='bbox 131 992 308 1038; x_wconf 85' lang='lat' dir='ltr'>nomine</span> <span class='ocrx_word' id='word_1_74' title='bbox 336 989 566 1040; x_wconf 85' lang='lat' dir='ltr'>feruntur,</span> <span class='ocrx_word' id='word_1_75' title='bbox 596 985 890 1042; x_wconf 69' lang='lat' dir='ltr'>Scriptoribns</span> <span class='ocrx_word' id='word_1_76' title='bbox 923 986 1114 1042; x_wconf 82' lang='lat' dir='ltr'>proditi,</span> <span class='ocrx_word' id='word_1_77' title='bbox 1143 998 1199 1031; x_wconf 73' lang='lat' dir='ltr'>m</span> <span class='ocrx_word' id='word_1_78' title='bbox 1224 998 1250 1031; x_wconf 65' lang='grc' dir='ltr'>ι</span> <span class='ocrx_word' id='word_1_79' title='bbox 1281 1000 1363 1042; x_wconf 74' lang='grc' dir='ltr'>ρο-</span> 
     </span>
     <span class='ocr_line' id='line_1_12' title="bbox 125 1062 1367 1119; baseline -0.002 -6"><span class='ocrx_word' id='word_1_80' title='bbox 125 1066 380 1114; x_wconf 81' lang='lat' dir='ltr'>sterioribus</span> <span class='ocrx_word' id='word_1_81' title='bbox 418 1063 587 1110; x_wconf 82' lang='lat' dir='ltr'>additi..</span> <span class='ocrx_word' id='word_1_82' title='bbox 643 1062 792 1107; x_wconf 87' lang='lat' dir='ltr'>Tertia</span> <span class='ocrx_word' id='word_1_83' title='bbox 827 1074 928 1119; x_wconf 88' lang='lat' dir='ltr'>est,</span> <span class='ocrx_word' id='word_1_84' title='bbox 972 1064 1093 1119; x_wconf 80' lang='lat' dir='ltr'>quod</span> <span class='ocrx_word' id='word_1_85' title='bbox 1126 1067 1367 1111; x_wconf 84' lang='lat' dir='ltr'>nonnullo·</span> 
     </span>
     <span class='ocr_line' id='line_1_13' title="bbox 121 1139 1356 1196; baseline -0.002 -7"><span class='ocrx_word' id='word_1_86' title='bbox 121 1157 218 1189; x_wconf 84' lang='lat' dir='ltr'>rum</span> <span class='ocrx_word' id='word_1_87' title='bbox 250 1151 363 1188; x_wconf 82' lang='lat' dir='ltr'>aetas</span> <span class='ocrx_word' id='word_1_88' title='bbox 388 1140 658 1196; x_wconf 84' lang='lat' dir='ltr'>Scriptorum</span> <span class='ocrx_word' id='word_1_89' title='bbox 686 1139 813 1194; x_wconf 70' lang='lat' dir='ltr'>latet,</span> <span class='ocrx_word' id='word_1_90' title='bbox 845 1150 894 1184; x_wconf 89' lang='lat' dir='ltr'>ut</span> <span class='ocrx_word' id='word_1_91' title='bbox 928 1151 1004 1186; x_wconf 79' lang='lat' dir='ltr'>eos</span> <span class='ocrx_word' id='word_1_92' title='bbox 1038 1153 1128 1188; x_wconf 90' lang='lat' dir='ltr'>non</span> <span class='ocrx_word' id='word_1_93' title='bbox 1153 1152 1275 1188; x_wconf 86' lang='lat' dir='ltr'>cetto</span> <span class='ocrx_word' id='word_1_94' title='bbox 1305 1154 1356 1187; x_wconf 87' lang='lat' dir='ltr'>ac</span> 
     </span>
     <span class='ocr_line' id='line_1_14' title="bbox 105 1194 1362 1275; baseline 0.002 -13"><span class='ocrx_word' id='word_1_95' title='bbox 105 1194 236 1271; x_wconf 71' lang='grc' dir='ltr'>Ιειιιο,</span> <span class='ocrx_word' id='word_1_96' title='bbox 270 1216 345 1260; x_wconf 85' lang='lat' dir='ltr'>sed</span> <span class='ocrx_word' id='word_1_97' title='bbox 374 1214 596 1260; x_wconf 76' lang='lat' dir='ltr'>verisimili</span> <span class='ocrx_word' id='word_1_98' title='bbox 630 1224 673 1259; x_wconf 94' lang='lat' dir='ltr'>et</span> <span class='ocrx_word' id='word_1_99' title='bbox 705 1213 855 1269; x_wconf 91' lang='lat' dir='ltr'>aliquo</span> <span class='ocrx_word' id='word_1_100' title='bbox 887 1216 1041 1262; x_wconf 81' lang='lat' dir='ltr'>saltem</span> <span class='ocrx_word' id='word_1_101' title='bbox 1070 1217 1172 1263; x_wconf 88' lang='lat' dir='ltr'>loco</span> <span class='ocrx_word' id='word_1_102' title='bbox 1201 1230 1362 1275; x_wconf 85' lang='lat' dir='ltr'>ponere</span> 
     </span>
     <span class='ocr_line' id='line_1_15' title="bbox 120 1291 1362 1354; baseline 0.002 -15"><span class='ocrx_word' id='word_1_103' title='bbox 120 1293 352 1339; x_wconf 84' lang='lat' dir='ltr'>debuerim.</span> <span class='ocrx_word' id='word_1_104' title='bbox 424 1291 563 1347; x_wconf 78' lang='lat' dir='ltr'>Igitur</span> <span class='ocrx_word' id='word_1_105' title='bbox 602 1292 711 1337; x_wconf 89' lang='lat' dir='ltr'>hanc</span> <span class='ocrx_word' id='word_1_106' title='bbox 748 1294 1045 1340; x_wconf 69' lang='lat' dir='ltr'>tractationem</span> <span class='ocrx_word' id='word_1_107' title='bbox 1081 1308 1171 1341; x_wconf 92' lang='lat' dir='ltr'>non</span> <span class='ocrx_word' id='word_1_108' title='bbox 1203 1306 1253 1340; x_wconf 87' lang='lat' dir='ltr'>nt</span> <span class='ocrx_word' id='word_1_109' title='bbox 1285 1297 1362 1354; x_wconf 80' lang='lat' dir='ltr'>ju-</span> 
     </span>
     <span class='ocr_line' id='line_1_16' title="bbox 125 1367 1360 1427; baseline 0.002 -10"><span class='ocrx_word' id='word_1_110' title='bbox 125 1380 234 1418; x_wconf 92' lang='lat' dir='ltr'>stam</span> <span class='ocrx_word' id='word_1_111' title='bbox 272 1382 320 1414; x_wconf 88' lang='lat' dir='ltr'>ac</span> <span class='ocrx_word' id='word_1_112' title='bbox 358 1368 451 1414; x_wconf 87' lang='lat' dir='ltr'>suis</span> <span class='ocrx_word' id='word_1_113' title='bbox 485 1367 596 1413; x_wconf 83' lang='lat' dir='ltr'>locis</span> <span class='ocrx_word' id='word_1_114' title='bbox 625 1368 870 1414; x_wconf 70' lang='lat' dir='ltr'>absolutam</span> <span class='ocrx_word' id='word_1_115' title='bbox 902 1371 1180 1427; x_wconf 75' lang='lat' dir='ltr'>exhibemus,</span> <span class='ocrx_word' id='word_1_116' title='bbox 1210 1375 1287 1421; x_wconf 82' lang='lat' dir='ltr'>sed</span> <span class='ocrx_word' id='word_1_117' title='bbox 1310 1385 1360 1420; x_wconf 88' lang='lat' dir='ltr'>ut</span> 
     </span>
     <span class='ocr_line' id='line_1_17' title="bbox 124 1444 1358 1511; baseline 0.004 -15"><span class='ocrx_word' id='word_1_118' title='bbox 124 1444 416 1496; x_wconf 81' lang='lat' dir='ltr'>adumbratam</span> <span class='ocrx_word' id='word_1_119' title='bbox 452 1459 493 1494; x_wconf 89' lang='lat' dir='ltr'>et</span> <span class='ocrx_word' id='word_1_120' title='bbox 521 1449 721 1494; x_wconf 81' lang='lat' dir='ltr'>extremis</span> <span class='ocrx_word' id='word_1_121' title='bbox 755 1450 880 1496; x_wconf 84' lang='lat' dir='ltr'>lineis</span> <span class='ocrx_word' id='word_1_122' title='bbox 908 1452 1195 1510; x_wconf 69' lang='lat' dir='ltr'>designatam:</span> <span class='ocrx_word' id='word_1_123' title='bbox 1227 1468 1358 1511; x_wconf 77' lang='lat' dir='ltr'>quam</span> 
     </span>
     <span class='ocr_line' id='line_1_18' title="bbox 120 1528 1358 1587; baseline 0.002 -12"><span class='ocrx_word' id='word_1_124' title='bbox 120 1529 352 1585; x_wconf 83' lang='lat' dir='ltr'>aliquando</span> <span class='ocrx_word' id='word_1_125' title='bbox 376 1528 540 1583; x_wconf 85' lang='lat' dir='ltr'>posteri</span> <span class='ocrx_word' id='word_1_126' title='bbox 564 1528 750 1572; x_wconf 87' lang='lat' dir='ltr'>editores</span> <span class='ocrx_word' id='word_1_127' title='bbox 773 1529 826 1573; x_wconf 88' lang='lat' dir='ltr'>ad</span> <span class='ocrx_word' id='word_1_128' title='bbox 854 1531 1074 1575; x_wconf 70' lang='lat' dir='ltr'>certiorem</span> <span class='ocrx_word' id='word_1_129' title='bbox 1098 1531 1358 1587; x_wconf 71' lang='lat' dir='ltr'>pluriorem·</span> 
     </span>
     <span class='ocr_line' id='line_1_19' title="bbox 118 1606 1359 1665; baseline -0.001 -13"><span class='ocrx_word' id='word_1_130' title='bbox 118 1620 205 1665; x_wconf 87' lang='lat' dir='ltr'>que</span> <span class='ocrx_word' id='word_1_131' title='bbox 236 1606 416 1652; x_wconf 81' lang='lat' dir='ltr'>sormam</span> <span class='ocrx_word' id='word_1_132' title='bbox 441 1608 685 1662; x_wconf 79' lang='lat' dir='ltr'>suppleant.</span> <span class='ocrx_word' id='word_1_133' title='bbox 747 1606 879 1651; x_wconf 88' lang='lat' dir='ltr'>Nunc</span> <span class='ocrx_word' id='word_1_134' title='bbox 909 1607 1081 1662; x_wconf 88' lang='lat' dir='ltr'>quidem</span> <span class='ocrx_word' id='word_1_135' title='bbox 1107 1621 1156 1654; x_wconf 82' lang='lat' dir='ltr'>ea</span> <span class='ocrx_word' id='word_1_136' title='bbox 1177 1620 1359 1656; x_wconf 83' lang='lat' dir='ltr'>conten.</span> 
     </span>
     <span class='ocr_line' id='line_1_20' title="bbox 117 1683 1357 1745; baseline 0.002 -14"><span class='ocrx_word' id='word_1_137' title='bbox 117 1686 153 1731; x_wconf 91' lang='lat' dir='ltr'>ti</span> <span class='ocrx_word' id='word_1_138' title='bbox 185 1684 347 1738; x_wconf 63' lang='lat' dir='ltr'>simun</span> <span class='ocrx_word' id='word_1_139' title='bbox 381 1683 731 1738; x_wconf 84' lang='lat' dir='ltr'>quandoquidem</span> <span class='ocrx_word' id='word_1_140' title='bbox 763 1684 895 1728; x_wconf 89' lang='lat' dir='ltr'>simul</span> <span class='ocrx_word' id='word_1_141' title='bbox 931 1686 1067 1731; x_wconf 81' lang='lat' dir='ltr'>vicem</span> <span class='ocrx_word' id='word_1_142' title='bbox 1102 1687 1211 1743; x_wconf 81' lang='lat' dir='ltr'>gerit</span> <span class='ocrx_word' id='word_1_143' title='bbox 1239 1690 1357 1745; x_wconf 79' lang='lat' dir='ltr'>ejus·</span> 
     </span>
     <span class='ocr_line' id='line_1_21' title="bbox 120 1761 1360 1816; baseline 0.004 -10"><span class='ocrx_word' id='word_1_144' title='bbox 120 1761 238 1806; x_wconf 85' lang='lat' dir='ltr'>modi</span> <span class='ocrx_word' id='word_1_145' title='bbox 269 1761 426 1816; x_wconf 85' lang='lat' dir='ltr'>capitis</span> <span class='ocrx_word' id='word_1_146' title='bbox 450 1761 569 1816; x_wconf 87' lang='lat' dir='ltr'>quod</span> <span class='ocrx_word' id='word_1_147' title='bbox 591 1761 776 1805; x_wconf 88' lang='lat' dir='ltr'>editores</span> <span class='ocrx_word' id='word_1_148' title='bbox 802 1761 1060 1807; x_wconf 65' lang='lat' dir='ltr'>TestImoniae</span> <span class='ocrx_word' id='word_1_149' title='bbox 1085 1763 1140 1808; x_wconf 80' lang='lat' dir='ltr'>de</span> <span class='ocrx_word' id='word_1_150' title='bbox 1164 1764 1360 1811; x_wconf 76' lang='lat' dir='ltr'>Auctore</span> 
     </span>
     <span class='ocr_line' id='line_1_22' title="bbox 86 1820 1361 1900; baseline 0.002 -17"><span class='ocrx_word' id='word_1_151' title='bbox 86 1833 98 1849; x_wconf 75' lang='lat'><strong>⁴</strong></span> <span class='ocrx_word' id='word_1_152' title='bbox 126 1820 374 1892; x_wconf 83' lang='lat' dir='ltr'>nominare,</span> <span class='ocrx_word' id='word_1_153' title='bbox 406 1849 544 1892; x_wconf 87' lang='lat' dir='ltr'>eoque</span> <span class='ocrx_word' id='word_1_154' title='bbox 580 1837 664 1882; x_wconf 88' lang='lat' dir='ltr'>sub</span> <span class='ocrx_word' id='word_1_155' title='bbox 690 1838 822 1882; x_wconf 89' lang='lat' dir='ltr'>titulo</span> <span class='ocrx_word' id='word_1_156' title='bbox 852 1838 1192 1894; x_wconf 71' lang='lat' dir='ltr'>praefationibus</span> <span class='ocrx_word' id='word_1_157' title='bbox 1220 1841 1361 1900; x_wconf 84' lang='lat' dir='ltr'>subji-</span> 
     </span>
     <span class='ocr_line' id='line_1_23' title="bbox 122 1909 1359 1974; baseline 0.005 -14"><span class='ocrx_word' id='word_1_158' title='bbox 122 1928 216 1960; x_wconf 86' lang='lat' dir='ltr'>cere</span> <span class='ocrx_word' id='word_1_159' title='bbox 247 1916 405 1961; x_wconf 87' lang='lat' dir='ltr'>solent.</span> <span class='ocrx_word' id='word_1_160' title='bbox 476 1909 740 1969; x_wconf 71' lang='lat' dir='ltr'>Caeterum,</span> <span class='ocrx_word' id='word_1_161' title='bbox 782 1916 1027 1973; x_wconf 87' lang='lat' dir='ltr'>Scriptores</span> <span class='ocrx_word' id='word_1_162' title='bbox 1070 1931 1145 1974; x_wconf 89' lang='lat' dir='ltr'>per</span> <span class='ocrx_word' id='word_1_163' title='bbox 1177 1920 1359 1966; x_wconf 87' lang='lat' dir='ltr'>Saecula</span> 
     </span>
     <span class='ocr_line' id='line_1_24' title="bbox 125 1993 1358 2048; baseline 0.005 -9"><span class='ocrx_word' id='word_1_164' title='bbox 125 1994 393 2048; x_wconf 78' lang='lat' dir='ltr'>digeremus:</span> <span class='ocrx_word' id='word_1_165' title='bbox 438 1993 561 2036; x_wconf 89' lang='lat' dir='ltr'>locos</span> <span class='ocrx_word' id='word_1_166' title='bbox 593 2004 618 2036; x_wconf 91' lang='lat' dir='ltr'>e</span> <span class='ocrx_word' id='word_1_167' title='bbox 655 1993 834 2048; x_wconf 87' lang='lat' dir='ltr'>perditis</span> <span class='ocrx_word' id='word_1_168' title='bbox 874 1994 1094 2040; x_wconf 75' lang='lat' dir='ltr'>Plutarchi</span> <span class='ocrx_word' id='word_1_169' title='bbox 1131 1996 1253 2043; x_wconf 87' lang='lat' dir='ltr'>libris</span> <span class='ocrx_word' id='word_1_170' title='bbox 1285 1999 1358 2045; x_wconf 85' lang='lat' dir='ltr'>hie</span> 
     </span>
     <span class='ocr_line' id='line_1_25' title="bbox 120 2070 1361 2134; baseline 0.002 -17"><span class='ocrx_word' id='word_1_171' title='bbox 120 2072 250 2118; x_wconf 82' lang='lat' dir='ltr'>verbo</span> <span class='ocrx_word' id='word_1_172' title='bbox 274 2070 551 2125; x_wconf 81' lang='lat' dir='ltr'>notabimus,</span> <span class='ocrx_word' id='word_1_173' title='bbox 580 2070 704 2126; x_wconf 88' lang='lat' dir='ltr'>plene</span> <span class='ocrx_word' id='word_1_174' title='bbox 736 2083 786 2116; x_wconf 82' lang='lat' dir='ltr'>ac</span> <span class='ocrx_word' id='word_1_175' title='bbox 822 2072 978 2118; x_wconf 88' lang='lat' dir='ltr'>diserte</span> <span class='ocrx_word' id='word_1_176' title='bbox 1010 2074 1057 2119; x_wconf 92' lang='lat' dir='ltr'>in</span> <span class='ocrx_word' id='word_1_177' title='bbox 1077 2074 1361 2134; x_wconf 56' lang='lat' dir='ltr'>Fragmenta</span> 
     </span>
     <span class='ocr_line' id='line_1_26' title="bbox 116 2160 400 2206; baseline 0 -12"><span class='ocrx_word' id='word_1_178' title='bbox 116 2160 400 2206; x_wconf 87' lang='lat' dir='ltr'>apponemus.</span> 
     </span>
    </p>
   </div>
   <div class='ocr_carea' id='block_1_3' title="bbox 467 2326 1007 2363">
    <p class='ocr_par' dir='ltr' id='par_1_3' title="bbox 467 2326 1007 2363">
     <span class='ocr_line' id='line_1_27' title="bbox 467 2326 1007 2363; baseline 0.007 -4"><span class='ocrx_word' id='word_1_179' title='bbox 467 2326 862 2362; x_wconf 62' lang='lat' dir='ltr'>sanent..</span> <span class='ocrx_word' id='word_1_180' title='bbox 944 2328 1007 2363; x_wconf 84' lang='lat'>11.</span> 
     </span>
    </p>
   </div>
   <div class='ocr_carea' id='block_1_4' title="bbox 116 2462 1355 2668">
    <p class='ocr_par' dir='ltr' id='par_1_4' title="bbox 116 2462 1355 2668">
     <span class='ocr_line' id='line_1_28' title="bbox 173 2462 1355 2528; baseline 0.011 -22.668"><span class='ocrx_word' id='word_1_181' title='bbox 142 2462 434 2508; x_wconf 86' lang='lat' dir='ltr'>Plutarchus</span> <span class='ocrx_word' id='word_1_182' title='bbox 463 2467 636 2510; x_wconf 86' lang='lat' dir='ltr'>saeculo</span> <span class='ocrx_word' id='word_1_183' title='bbox 659 2475 790 2511; x_wconf 86' lang='lat' dir='ltr'>natus</span> <span class='ocrx_word' id='word_1_184' title='bbox 816 2467 956 2514; x_wconf 74' lang='lat' dir='ltr'>medio</span> <span class='ocrx_word' id='word_1_185' title='bbox 978 2467 1066 2514; x_wconf 77' lang='lat' dir='ltr'>fere</span> <span class='ocrx_word' id='word_1_186' title='bbox 1087 2470 1259 2528; x_wconf 88' lang='lat' dir='ltr'>primo,</span> <span class='ocrx_word' id='word_1_187' title='bbox 1290 2473 1355 2518; x_wconf 78' lang='lat' dir='ltr'>sa-</span> 
     </span>
     <span class='ocr_line' id='line_1_29' title="bbox 116 2538 1350 2594; baseline 0.007 -9"><span class='ocrx_word' id='word_1_188' title='bbox 116 2550 209 2585; x_wconf 83' lang='lat' dir='ltr'>mae</span> <span class='ocrx_word' id='word_1_189' title='bbox 232 2538 516 2587; x_wconf 84' lang='lat' dir='ltr'>maturitatem</span> <span class='ocrx_word' id='word_1_190' title='bbox 536 2540 688 2587; x_wconf 88' lang='lat' dir='ltr'>habuit</span> <span class='ocrx_word' id='word_1_191' title='bbox 709 2554 761 2587; x_wconf 86' lang='lat' dir='ltr'>ac</span> <span class='ocrx_word' id='word_1_192' title='bbox 781 2542 929 2588; x_wconf 80' lang='lat' dir='ltr'>fiontit</span> <span class='ocrx_word' id='word_1_193' title='bbox 947 2542 1122 2590; x_wconf 81' lang='lat' dir='ltr'>ineunte</span> <span class='ocrx_word' id='word_1_194' title='bbox 1143 2549 1350 2594; x_wconf 85' lang='lat' dir='ltr'>secundo.</span> 
     </span>
     <span class='ocr_line' id='line_1_30' title="bbox 155 2622 1355 2668; baseline 0.008 -9"><span class='ocrx_word' id='word_1_195' title='bbox 155 2622 158 2625; x_wconf 78' lang='grc'><strong>’</strong></span> <span class='ocrx_word' id='word_1_196' title='bbox 1268 2624 1355 2668; x_wconf 83' lang='lat' dir='ltr'>Ce-</span> 
     </span>
    </p>
   </div>
  </div>
 </body>
</html>
