1624 3016
366 148 440 203 m
473 150 828 204 nemnem
864 152 1168 204 Momm.
1295 151 1390 218 ,ει

146 273 477 335 (cingentesque
488 279 669 324 lectores
681 311 696 332 .
715 292 828 335 quos
846 281 953 326 mihi
965 282 1281 328 administratae
1296 282 1401 328 bu-.

150 354 226 412 jus
261 355 510 410 provinciae
536 356 703 414 judices
738 358 962 413 obtingere
997 366 1133 412 opto:
1182 367 1225 403 et
1246 357 1398 405 dium>

150 442 252 475 cum
275 432 328 475 de
348 444 439 488 me,
476 442 566 477 tum
588 434 641 477 de
663 432 961 476 decessoribus
978 445 1028 476 ac
1050 434 1388 479 successoribus

151 507 277 552 meiS.
337 508 431 553 Vos
457 508 592 567 igitur
619 508 819 564 appello,
848 508 976 564 aequi
1009 507 1396 565 intelligentesque,

149 583 346 642 judices!
384 583 479 631 Vos
515 586 694 630 obsoero
720 592 768 626 ut
787 582 892 628 mihi
917 582 1185 638 ignoscetis,
1215 585 1254 627 si
1278 585 1387 639 quid

153 672 346 706 erravero
361 691 378 715 ,
400 661 467 705 vel
485 659 750 716 ignorantia,
779 660 848 704 vel
866 659 1152 715 negligentia,
1182 661 1251 704 vel
1273 661 1388 706 obli·

152 736 304 784 vionez
338 735 376 781 si
401 735 545 781 minus
568 746 696 791 quam
722 746 804 790 pro
832 744 903 780 tot
920 740 1142 781 ‘annorum
1163 746 1385 792 exspecta.-

152 812 271 858 tione
289 811 509 857 doctrinae
537 811 844 868 copiarumque
865 812 1066 858 attulero.
1124 811 1397 875 Legentium'

153 887 308 934 studiis
338 887 397 932 ita
427 889 683 941 consulam,
714 896 763 932 ut
792 889 960 935 nullutn
996 900 1086 935 non
1110 890 1255 934 locum
1275 890 1388 936 diffi-

150 963 278 1010 cilem
317 964 607 1012 obscurumve
637 965 708 1010 vel
747 964 966 1021 expediam
1007 964 1048 1015 al
1074 975 1263 1022 potu-o,
1303 975 1399 1012 aut.

152 1041 222 1087 sin
250 1041 395 1087 minus
424 1052 601 1096 potero,
634 1040 928 1087 difficultatem
957 1051 1126 1096 nonem,
1156 1054 1390 1099 meumque,

147 1116 244 1172 ipse
275 1117 557 1172 ignorantiam
595 1130 684 1165 non
720 1118 1005 1164 dissimulem.
1060 1118 1385 1181 Decesaoribus

147 1193 253 1238 meis
285 1194 533 1248 Xylandro,
575 1194 824 1250 StephanO,
854 1195 986 1247 aliis.
1023 1207 1105 1243 aua
1128 1207 1208 1241 nec
1240 1196 1393 1241 detra·¹

146 1269 245 1315 ham
270 1269 377 1315 bene
405 1268 518 1330 facta
548 1271 838 1326 inventaque,
880 1283 958 1317 nec
994 1271 1097 1320 mihi
1125 1271 1383 1319 vindicabo.

146 1346 344 1400 Eorum,
382 1346 458 1402 qui
486 1348 727 1403 singulares
765 1347 1044 1394 Plutarcheos
1073 1347 1245 1393 libellos
1276 1347 1386 1395 tin-

148 1434 253 1468 num
286 1422 435 1479 captui
463 1424 864 1478 accommodarunt,
889 1424 1086 1480 copiolas
1110 1435 1202 1471 non
1233 1437 1395 1471 conae·

151 1498 330 1543 ctaborz
361 1508 490 1553 atque
515 1500 555 1544 si
578 1500 761 1545 subinde
781 1531 798 1554 ,
830 1509 879 1544 ut
912 1499 995 1556 fit,
1033 1502 1174 1547 eadem
1198 1501 1293 1557 ipse
1319 1502 1390 1554 100,

149 1587 199 1621 ca
227 1573 474 1630 monitaque
497 1576 711 1630 attulero,
743 1576 845 1623 haec
868 1589 958 1624 non
992 1590 1047 1624 ex
1069 1578 1242 1625 illorum
1264 1578 1382 1624 rivu-

143 1651 231 1707 lis,
261 1651 336 1696 sed
357 1663 408 1696 ex
429 1651 765 1707 ipsiafontibus
782 1654 828 1699 in
855 1666 994 1718 meum
1021 1664 1273 1711 apparatum
1294 1655 1381 1700 du-

145 1737 219 1774 cta
238 1739 291 1773 ex
317 1739 457 1784 eoque
492 1728 536 1776 in
566 1729 973 1778 Aniinadversiones
995 1731 1216 1788 depromta
1238 1742 1384 1780 crunt·

148 1801 432 1849 Successores
455 1805 567 1860 mei,
586 1806 679 1851 sive
702 1809 899 1852 universa
921 1808 1015 1853 aive
1034 1807 1267 1864 singularia
1282 1809 1398 1854 Plu-.

143 1881 288 1934 tarchi
308 1893 435 1936 open
455 1881 611 1937 edituri
633 1883 752 1938 sint,
782 1896 917 1929 meam
949 1896 1121 1940 operam
1145 1884 1311 1930 etiamsi
1341 1886 1380 1930 si

148 1956 442 2011 superaverint
453 1987 471 2010 ‚
492 1970 547 2001 ne
554 1959 794 2014 despiciant
808 1974 822 2005 r
836 1960 900 2004 illi
921 1960 1140 2016 cogitent,
1156 1961 1387 2019 longemaq

145 2034 255 2091 ioris
277 2046 370 2078 esse
397 2034 556 2078 laboris
587 2033 862 2079 fundamenta
887 2038 1025 2092 jacere
1054 2019 1388 2093 aedificiumque'

143 2120 396 2165 exstruere,
427 2119 553 2165 quam
572 2120 793 2157 exstructo
817 2109 1039 2167 fastigium
1060 2111 1304 2167 imponere:
1336 2115 1383 2159 hi

143 2187 363 2231 attendant
371 2196 413 2231 et
432 2196 595 2241 quanto
612 2186 670 2231 sit
683 2185 857 2232 facilius
873 2200 1007 2233 unum
1025 2187 1230 2244 copiose,
1245 2203 1376 2247 quatu

141 2272 381 2319 octogenos
414 2263 581 2307 modice
604 2275 753 2308 ornare
776 2262 943 2319 libros,
959 2274 1014 2310 ‚et
1038 2264 1085 2309 in
1110 2267 1231 2320 parvi
1254 2268 1379 2313 libel-

139 2338 174 2384 li
205 2339 403 2394 quamvis
434 2340 618 2394 copioso
642 2341 950 2386 commentario
981 2341 1254 2388 conficiendo
1282 2358 1374 2391 non

138 2415 282 2460 omnia
304 2415 515 2460 exhauriri
539 2428 563 2460 a
586 2416 717 2461 nobis
739 2428 869 2472 posse
883 2447 900 2472 ,
931 2419 1152 2475 multaque
1181 2433 1373 2468 nostram

44 2554 51 2560 .
133 2491 401 2552 diligentiam
424 2491 633 2550 effugere,
663 2505 773 2550 quae
790 2494 846 2538 ad
863 2505 951 2540 rem
966 2495 1232 2554 pertineant;
1264 2512 1378 2554 quo-

1278 2588 1376 2625 mm
