1624 3016
273 131 346 214 ‘96
476 124 709 199 onemo
739 150 818 199 DE
849 152 1324 214 coujuncrromz

276 269 521 336 disjunxit,
566 289 617 325 ut
660 277 727 320 vel
759 277 806 323 in
839 288 1019 343 utraque
1049 282 1213 335 valere,
1252 283 1322 327 vel
1350 295 1419 328 ms
1454 281 1510 329 ad

272 346 429 404 'mutua
463 355 621 402 auxilia
651 355 846 411 flectere,
884 368 1010 402 nemo
1035 358 1266 414 quisquam
1291 372 1421 416 posse
1446 361 1511 405 vi·

276 424 456 489 dentur,
484 444 526 479 et
560 446 649 490 quo
684 429 783 489 quis
804 431 1060 478 Graecarum
1084 433 1419 492 Latinarumque
1439 437 1513 482 lit·

279 523 460 556 terarum
504 505 652 557 rudior
695 520 788 565 est,
829 522 881 556 eo
914 509 1057 566 aptior
1091 511 1143 555 ad
1186 511 1510 567 Philosophum

278 589 500 635 habeatur.
559 588 641 634 Sed
663 602 744 634 nos
768 601 857 633 non
881 589 938 633 ira
959 598 1151 634 nostram
1173 599 1352 633 mentem
1374 589 1513 646 accipi
1596 622 1603 632 .

279 668 489 723 velimus,
534 679 584 713 ac
624 667 662 713 si
705 667 847 712 verbis
883 665 1061 714 Graecis
1091 678 1134 711 et
1165 665 1339 711 Latinis
1369 679 1417 711 ea
1447 666 1516 711 in-

271 734 391 791 'esset
420 745 519 801 vis,
550 753 627 800 ut,
667 757 758 800 quo
795 745 896 800 quis
934 745 1131 801 maiorem
1170 756 1317 789 eorum
1341 742 1513 800 copiam

273 822 485 886 memoria
526 818 896 879 comprehenderit
918 851 935 876 ,
991 832 1043 865 eo
1091 821 1226 877 maior
1279 818 1404 865 etiam
1451 817 1515 864 sit

268 883 600 956 [Philosophum
644 910 792 943 verum
828 897 912 941 hoc
944 895 1162 951 dicimus,
1204 897 1239 941 si
1273 897 1372 952 quis
1405 894 1521 940 anti·

265 963 471 1031 'quorum
505 975 901 1031 Philosophorum,
951 973 1271 1018 Historicorum
1295 1005 1312 1029 ,
1362 973 1522 1018 Orato-

284 1065 380 1096 rum
411 1065 459 1097 ac
491 1052 714 1096 Poetarum
744 1051 930 1095 lectione
961 1050 1178 1107 ingenium
1210 1050 1428 1108 subegerit
1457 1056 1522 1096 at·

286 1141 371 1187 que
403 1130 667 1184 excoluerit,
710 1141 804 1173 eum
837 1129 890 1174 ad
930 1126 1248 1185 suscipiendam
1290 1140 1524 1184 assequen-

269 1194 472 1265 'damque
502 1206 828 1263 Philosophiam
865 1206 1080 1264 egregium
1118 1205 1204 1251 sibi
1246 1218 1519 1262 comparasse

268 1283 596 1342 adiumentum.
666 1284 813 1340 Atque
842 1283 927 1327 hoc
966 1283 1136 1338 quidem
1171 1282 1360 1338 primum
1390 1293 1522 1338 expe-

269 1347 463 1409 ‘rientiae
485 1360 747 1408 testimoniis
770 1360 888 1406 omni
909 1358 1161 1415 exceptione
1176 1358 1414 1417 majoribus
1431 1359 1523 1414 jam

269 1425 700 1498 comprobabimus,
738 1438 890 1484 deinde
924 1436 1165 1484 rationibus
1200 1451 1253 1483 ex
1292 1435 1354 1482 rei
1380 1435 1524 1495 ipsius

266 1502 436 1574 ’natura
463 1518 609 1565 ductis
635 1518 902 1566 evincemus.
1456 1505 1457 1513 ¹
1495 1520 1498 1523 ’

271 1659 274 1667 Ι
343 1599 445 1645 Sive
465 1599 601 1657 igitur
627 1608 819 1644 nostram
849 1607 1023 1643 aetatem
1045 1596 1392 1654 consideremus,
1421 1597 1515 1644 sive

271 1676 557 1738 *antiquitatis
593 1675 838 1720 memoriam
861 1686 1103 1738 repetamus
1130 1675 1350 1733 ultimam,
1380 1689 1523 1721 veram

286 1754 611 1811 Philosophiam
637 1765 736 1797 cum
770 1751 1077 1809 elegantiorum
1106 1751 1341 1797 litterarum
1375 1753 1525 1798 studio

273 1824 333 1877 ‘et
375 1832 549 1879 stetisse
578 1842 622 1877 et
651 1830 861 1875 cecidisse
894 1830 1165 1885 reperiemus.
1235 1827 1375 1886 Nam,
1418 1838 1471 1874 nt
1496 1842 1524 1875 a

287 1908 469 1955 Graecis
502 1909 671 1962 ordiar,
714 1908 899 1964 primum
949 1908 1065 1963 apud
1101 1892 1411 1970 ipsos'Poesis·
1444 1907 1529 1953 llo-

285 1989 406 2044 ruit,
433 2000 622 2045 eumque
647 1987 930 2043 Philosophia
954 1984 1174 2041 paulatim
1197 1984 1528 2051 subnascicoe-

285 2067 456 2126 pisset‚
508 2066 605 2122 ipsa
639 2077 817 2122 quoque
859 2077 949 2109 non
982 2065 1171 2120 pedestri
1210 2061 1407 2112 sermone
1449 2066 1527 2111 sed

260 2182 263 2185 .
287 2144 554 2191 carminibus
576 2143 888 2189 illustrabatur.
946 2141 1173 2188 Neminem
1204 2140 1333 2190 facile
1357 2141 1530 2200 fugiant

287 2223 451 2276 Solon,
504 2220 781 2275 Simonides,
828 2219 1153 2276 Epicharmus,
1206 2219 1527 2277 Empedocles,

285 2299 586 2353 Parmenides,
616 2299 812 2353 Critias,
851 2299 956 2352 alii,
986 2298 1063 2353 qui
1093 2299 1222 2341 simul
1254 2308 1297 2342 et
1328 2297 1530 2345 Philoso-

286 2378 368 2435 phi
386 2361 447 2437 'et
478 2378 635 2423 Poetae
669 2375 944 2420 exstiterunt.
1012 2375 1097 2419 Sed
1129 2388 1181 2419 eo
1214 2384 1404 2430 tempore
1434 2375 1530 2434 ipsa

260 2455 571 2520 *Philosophia
615 2454 747 2499 arctis
791 2451 1099 2498 continebatur
1129 2453 1321 2506 finibus,
1359 2463 1530 2507 paucos

1458 2540 1530 2572 sui
