1624 3016
0 2524 29 2703 fl.

0 2710 4 2791 1

0 2805 8 3016 Ι

331 149 509 196 v1TA
553 151 612 197 D.
660 147 1113 224 aunxmnu.
1258 163 1341 207 ω

118 285 305 328 eumque
326 274 623 330 turpissimum
646 273 703 319 sit
721 273 806 328 iis,
837 274 913 328 qui
935 273 1140 326 veterum,
1176 273 1345 331 elegan-

91 349 207 394 ‘tias
232 349 325 392 aliis
356 359 578 405 enarrent,
610 349 732 405 ipsos
775 347 838 392 uti
874 360 1067 401 sermone
1098 347 1280 394 barbaro
1309 357 1354 395 et

117 425 363 480 lutulent0;
406 426 690 474 Ruhnkenius
720 425 836 471 hunc
878 425 1254 470 extraordinarium
1286 437 1358 471 ce·

118 501 311 549 lebrandi
348 499 512 549 Mureti
559 503 742 547 laborem
790 500 1010 556 suscepit3
1058 510 1106 545 ut
1149 500 1355 548 haberent

124 569 396 636 exemplum',
427 580 473 623 in
510 579 626 634 quod
663 572 904 630 intuentes,
936 575 987 619 de
1019 576 1145 620 rebus
1170 576 1261 620 sive
1283 587 1359 621 an·

125 658 292 713 aquis,
323 658 415 701 sive
436 655 593 710 novis,
624 653 798 710 antique
819 654 1006 700 scribere
1023 655 1250 700 discerent.
1288 711 1291 714 μ

187 735 270 778 Sed
294 720 429 781 veluti
461 746 559 789 ager
593 730 790 788 quamvis
826 729 1063 787 secundus,
1097 742 1187 786 quo
1213 730 1360 787 plures

137 811 442 867 uberioresque
466 809 670 866 deinceps
696 818 922 864 generosae
941 804 1080 862 frugi·
1106 815 1268 863 segetes
1293 814 1364 848 tu-

132 889 216 944 lit,
247 902 297 934 eo
337 888 500 936 diutius
535 887 621 934 situ
656 895 699 931 et
737 885 880 942 quiete
912 885 1163 933 recreandus
1193 895 1259 931 eat
1289 896 1368 929 an-

128 975 322 1021 teaquam
369 969 510 1013 denuo
552 972 738 1009 seratur:
783 963 844 1007 ita
890 961 1205 1017 Ruhnkenius,
1244 963 1364 1008 edito

130 1044 292 1100 triplici
338 1044 416 1090 illo
465 1052 679 1099 proventu
704 1072 721 1096 ,
768 1039 891 1096 quasi
936 1039 1048 1085 virea
1091 1037 1363 1094 profudisset

130 1134 232 1170 suas
247 1123 470 1177 ,longiore
492 1122 543 1164 ad
563 1132 633 1165 eas
661 1117 903 1164 reficiendas
926 1129 1039 1175 opus
1059 1115 1209 1160 habuit
1235 1114 1359 1161 otioz

132 1199 207 1242 sed
228 1208 444 1254 speratum
465 1197 551 1242 otii
570 1197 760 1240 fructum
776 1227 792 1248 ‚
820 1194 1044 1252 pristinam
1069 1192 1327 1239 alacritatem
1341 1224 1361 1249 ,

134 1275 431 1330 ingravescens
463 1274 667 1330 paulatim
700 1285 896 1319 senectus
923 1272 1165 1327 intercepit.
1224 1271 1365 1316 Scho-

129 1351 292 1405 larum,
320 1349 548 1404 lectionis,
578 1350 882 1395 ambulationis
899 1381 916 1408 ,
944 1349 1231 1403 celebritatis,
1257 1361 1367 1394 eon-

129 1427 304 1483 victus,
336 1428 603 1482 venationis,
641 1429 818 1472 omnino
859 1428 1186 1474 consuetudinis
1216 1439 1266 1471 ac
1299 1425 1369 1471 vi·

131 1516 200 1555 tae
233 1504 528 1560 quotidianae,
560 1505 667 1552 idem
706 1515 794 1551 erat
829 1517 972 1562 opus,
1015 1505 1124 1549 idem
1155 1504 1367 1551 studium.

135 1580 189 1629 In
213 1582 393 1638 epistola
408 1614 424 1635 ,
455 1596 581 1638 quam
602 1584 653 1630 ad
675 1596 741 1629 me
764 1583 895 1629 solito
924 1584 1164 1638 longiorem
1189 1582 1367 1638 scripsit

134 1657 179 1706 d.
212 1668 250 1712 5-
271 1658 492 1714 Januarii‚
514 1671 555 1702 a.
574 1671 674 1714 1791
694 1690 710 1714 ‚
742 1660 843 1704 haee
861 1660 985 1706 etiam
1005 1661 1181 1718 posuit:
1216 1660 1368 1714 „Cae-

135 1744 272 1780 terum
304 1745 346 1779 et
368 1736 510 1785 animo
529 1747 569 1781 et
589 1750 768 1793 corpore
800 1738 858 1782 ita
889 1738 1045 1795 vigeo,
1078 1746 1159 1791 ut,
1190 1736 1275 1781 nisi
1302 1749 1369 1781 me

138 1811 363 1868 apoplexia
392 1812 550 1869 rapiat,
595 1813 739 1859 videar
773 1826 905 1870 posse
950 1814 1003 1859 ad
1035 1815 1222 1859 eamdem
1256 1825 1372 1858 aeta·

138 1895 252 1940 tem,
284 1899 409 1943 quam
443 1897 575 1932 mater
609 1900 698 1933 mea
727 1889 869 1945 attigit
888 1920 906 1944 ‚
945 1890 990 1934 ld
1030 1902 1095 1934 est
1128 1891 1181 1936 ad
1211 1902 1372 1935 annum

141 1967 226 2020 86,
258 1967 491 2022 pervenire.
552 1968 665 2013 Ante
694 1968 857 2023 paucos
891 1969 982 2014 diea
1015 1970 1236 2024 ingressus
1273 1981 1372 2018 sum

140 2056 297 2094 annum
326 2045 396 2101 69.
447 2035 623 2089 'Incidit
652 2047 761 2088 enim
795 2046 950 2090 natalis
988 2058 1108 2089 meus
1144 2046 1189 2090 in
1220 2058 1375 2091 secun·

139 2122 240 2170 dum
270 2121 461 2180 Januarii
500 2134 624 2178 1723.
684 2120 777 2169 Nec
814 2124 900 2168 ulla
935 2124 1015 2167 alia
1051 2136 1094 2166 re
1126 2136 1268 2170 senem
1307 2137 1377 2169 me

140 2196 233 2245 fieri
266 2198 437 2251 sentio,
478 2197 562 2244 nisi
592 2197 763 2253 pigritia
807 2199 852 2243 in
899 2200 1034 2244 literis
1077 2200 1371 2249 scribendis”.

143 2271 227 2315 Sed
246 2280 385 2316 tamen
415 2273 466 2316 ad
493 2285 625 2318 unum
664 2284 706 2320 et
742 2275 1000 2322 continuum
1021 2287 1133 2330 opus
1154 2277 1302 2321 edendi
1322 2277 1377 2322 li-

142 2347 210 2396 bri
234 2349 374 2390 minus
399 2349 567 2403 patiens
584 2381 600 2403 ‚
633 2350 854 2407 magisque
884 2352 1031 2395 tardus
1057 2349 1198 2396 fiebat.
1255 2351 1377 2397 Sole-

144 2427 219 2476 bat
244 2419 285 2475 et'
316 2435 464 2483 antea,
495 2427 638 2481 edito,
678 2430 755 2482 qui
789 2423 883 2471 eum
918 2428 1206 2482 exercuisset,
1235 2428 1376 2485 libro,

147 2499 202 2552 ab
237 2500 368 2547 animi
397 2501 636 2550 intentione
668 2515 714 2551 se
748 2502 932 2551 relaxare
951 2513 994 2548 et
1014 2504 1238 2564 paululum
1263 2508 1386 2560 quie·

769 2578 847 2637 Yy
874 2593 905 2645 5
1159 2590 1162 2592 ’
1299 2591 1394 2632 ace«
