1624 3016
280 158 377 236 ·an
446 195 453 202 -
513 159 855 223 rmum
892 186 957 222 ιι
997 169 1295 225 enti-torte

285 314 399 356 rem,
422 297 642 359 julianum
672 311 722 344 ac
747 297 997 356 synesium.
1054 299 1166 348 Mox
1185 301 1317 346 allum
1339 299 1512 358 quaesi·

281 381 360 436 vl,
390 379 438 426 ln
471 390 562 436 quo
590 379 727 436 major
747 377 1063 435 perfectiorque
1095 379 1317 444 duculum,
1345 379 1508 424 certina

279 454 446 513 ingenii
494 454 700 512 pabulum
738 453 917 499 ineaaet.
991 453 1076 499 l-lie
1109 452 1197 499 fuit
1230 455 1506 500 Plutarchua·

279 535 372 595 Qui
391 547 488 590 me,
507 532 674 579 fatebor
688 532 832 587 enim,
861 531 1003 589 primo
1028 543 1104 575 aua
1125 531 1303 587 quadam
1329 531 1512 577 dificul-

276 622 367 660 tate
394 611 639 671 rejiciebat,
684 620 833 666 postea
878 621 932 654 eo
965 609 1101 665 magia
1139 608 1382 662 alliciebat,
1420 618 1512 662 quo

277 690 417 749 magia
438 692 490 736 aid
511 691 603 747 ejus
626 687 953 734 familiaritatem
982 685 1245 743 proficerem.
1305 684 1515 729 Animad-

272 768 486 817 vertebam
514 765 737 823 quotidie,
768 773 967 820 quantam
1000 764 1070 808 ilia
1102 761 1418 818 patefaciendae
1441 760 1512 807 in·

272 845 532 903 telligentiae
544 843 800 897 difficultas,
823 841 1059 899 patefactae
1080 842 1332 886 suavitatem
1356 840 1504 886 ferrctt

275 933 475 982 quantam
513 921 586 967 illa
627 920 881 966 nominibua
913 918 1144 973 verbisque
1181 927 1224 962 et
1262 917 1431 963 tralatia
1461 926 1507 962 et

270 1001 517 1049 efficacibus
551 999 736 1053 referta,
766 1011 814 1043 ac
847 1008 924 1053 per
962 998 1508 1052 complura-enunciatio-

269 1091 348 1127 nea
371 1078 624 1125 continuata
653 1076 791 1123 oratio
821 1076 1121 1132 praestantiam
1152 1076 1323 1121 haberet
1350 1075 1509 1133 figura-

268 1167 364 1202 rum
388 1166 431 1202 et
453 1155 787 1208 sententiarum,
814 1165 914 1198 cum
941 1165 993 1200 ex
1026 1154 1122 1210 ipaa
1153 1165 1305 1200 natura
1335 1165 1509 1210 caprea·

267 1246 411 1280 aarum
428 1265 445 1289 ,
484 1242 577 1277 tum
615 1244 669 1277 ex
712 1230 832 1277 omnl
862 1230 1082 1276 doetrinae
1114 1240 1267 1288 genere
1300 1231 1506 1277 delibata·

262 1322 376 1357 rum.

324 1388 446 1445 Ergo
480 1386 526 1432 in
558 1384 782 1431 Plutarchi
800 1385 985 1430 lectione
1018 1383 1273 1440 pergebam,
1301 1394 1342 1428 et
1369 1384 1505 1429 indie·

264 1478 334 1512 me
349 1465 486 1523 magis
510 1465 729 1522 magisque
750 1463 1019 1508 insinuabam
1042 1460 1087 1507 in
1104 1462 1200 1518 elue
1222 1462 1502 1508 consuetudi·

264 1553 363 1588 nem
377 1541 587 1596 rationis,
606 1542 816 1587 orationis
828 1572 846 1598 ,
865 1540 1111 1597 doctrinae;
1139 1541 1254 1587 unde
1273 1541 1399 1586 fiebat
1412 1572 1431 1597 ,
1451 1550 1501 1586 ut

261 1612 448 1663 subinde
479 1618 549 1662 vel
581 1615 839 1675 ipsahujua
874 1614 1202 1664 consuetudinia
1229 1612 1503 1663 observatio·

259 1709 344 1752 ne,
383 1698 453 1742 vel
497 1697 732 1752 Veterum,
772 1709 888 1752 quoa
921 1692 1210 1752 sequebatur,
1246 1694 1496 1750 Euripidis,
1543 1687 1548 1691 ’

255 1771 480 1828 Platonis,
511 1773 719 1827 aliorum,
749 1772 1030 1826 auctoritate,
1060 1774 1182 1816 locos
1207 1784 1307 1815 cum
1345 1770 1501 1816 diffici-

254 1850 321 1895 les
357 1848 640 1906 explicarem,
670 1859 763 1894 tum
797 1859 1029 1905 corruptos
1053 1849 1328 1893 emendarem.
1385 1841 1496 1906 vQua

254 1926 521 1972 inventionis
540 1929 767 1983 voluptate
795 1938 952 1982 captua
976 1927 1192 1972 constitui
1217 1927 1411 1972 studium
1434 1926 1495 1973 ita

253 2013 390 2059 porro
420 2016 559 2048 meum
590 2004 638 2049 in
671 2005 750 2049 hac
777 2018 906 2061 opera
938 2006 1180 2059 collocare,
1212 2014 1263 2048 ut
1285 2004 1380 2062 ejua
1403 2003 1501 2048 frn-

256 2089 376 2125 ctum
399 2081 634 2138 aliquando
654 2083 700 2127 in
718 2083 936 2139 publicam
961 2084 1100 2127 lucem
1120 2082 1370 2139 proferrem.
1394 2081 1495 2126 Hoc

253 2158 470 2216 ejusmodi
486 2169 603 2215 erat,
634 2170 713 2215 ut,
743 2161 813 2205 vel
838 2161 1249 2206 Animadversionem
1271 2161 1317 2204 in
1343 2161 1489 2205 omnia

248 2233 467 2280 Plutarchi
504 2248 661 2292 opera,
689 2238 760 2281 vel
791 2249 928 2282 unum
960 2237 1145 2292 aliquem
1186 2235 1405 2280 Plutarchi
1437 2235 1492 2279 li-

244 2309 405 2354 bellum
442 2312 550 2358 meis
588 2313 1046 2361 Animadversionibus
1082 2314 1325 2369 expolitum
1344 2340 1362 2367 ,
1389 2314 1488 2357 ede·

246 2396 353 2431 tem.
411 2387 537 2433 Prior
569 2388 643 2434 illa
666 2391 777 2436 ratio
799 2391 988 2435 solutior
1007 2391 1211 2436 scribenti
1233 2389 1488 2448 jucundior-

248 2472 471 2520 quetrat3
506 2479 591 2521 qua
613 2468 736 2512 locos
762 2479 993 2514 tractamus
1015 2481 1091 2514 eos
1122 2469 1168 2513 in
1201 2468 1360 2524 quibus
1385 2467 1483 2510 feli·

1427 2555 1496 2588 el-
