1624 3016
317 150 427 224 5531
534 155 711 213 vii-A
765 165 824 213 n.
875 166 1314 220 iturinxemr.

311 284 364 335 to'
393 296 511 334 certo
548 286 730 344 alicujus
770 286 867 332 iibri
901 290 1049 336 edendi
1082 295 1292 342 eonsilioi
1324 307 1414 344 tum
1436 300 1553 346 huie?

317 367 466 412 edendi
492 366 677 410 consilio
699 366 740 409 in
760 366 908 422 primis
929 371 1274 416 accommodatos
1290 384 1385 419 ease
1405 376 1542 420 libros

308 440 571 500 grammatici
605 443 842 498 argumenti
864 443 1159 492 arbitrabatur.
1219 445 1283 491 lta
1306 447 1547 497 Valckena-

309 521 402 566 rius
421 518 667 566 adolescens
690 528 942 566 tractaverat
963 524 1045 566 Am
1054 523 1242 567 monium
1265 525 1317 568 de
1339 523 1548 573 Differen-¹

310 600 388 646 tiis
420 597 773 657 Vocabulorum,
809 603 923 646 utet
961 602 1148 659 egregiae
1174 602 1445 651 fundamenta
1465 604 1543 654 do·

310 676 471 723 ctrinae
491 679 675 736 jaceret,
706 688 748 722 et
772 678 1074 723 eruditissimis
1105 680 1549 729 animadversionibus

312 755 635 803 conscribendis
669 748 946 800 immortalem
984 758 1173 802 nominis
1208 758 1359 803 famam
1394 759 1555 806 conae*

311 842 531 887 queretur.
594 833 660 876 lta
690 842 837 888 postea
875 833 998 889 pari,
1026 844 1099 877 aut
1122 834 1252 879 simili
1276 846 1416 888 certe,
1449 835 1557 880 fru-·

306 903 416 965 c'tu,
455 909 684 954 Piersonus
714 909 948 953 Moeridem
977 910 1258 967 Atticistam,
1299 910 1537 958 Bernardua

308 979 524 1035 Thomam
547 987 836 1043 Magistrum,
867 986 1060 1031 Koenius
1086 987 1345 1034 Corinthum
1369 990 1420 1035 de
1442 990 1544 1035 Dia·

309 1059 464 1120 lectis,
495 1073 776 1110 ornaverunt:
807 1064 1079 1118 eamdemque
1102 1077 1271 1122 operam
1295 1055 1540 1112 Glossariis

307 1142 613 1198 Hippocrateis
636 1141 921 1186 destinaverat
940 1140 1142 1199 Heringa.
1204 1143 1285 1189 Est
1305 1154 1442 1190 autem
1461 1146 1543 1190 hu·

304 1218 497 1277 jusmodi
518 1218 736 1275 negotium
751 1248 768 1273 ,
799 1209 847 1262 ut
880 1231 956 1274 per
978 1221 1070 1276 ejus
1095 1221 1175 1264 rite
1196 1222 1405 1267 tractandi
1434 1206 1553 1269 tatii*5

311 1307 438 1351 quam
463 1293 619 1350 gradus
638 1295 915 1350 adolescens,
935 1296 1006 1340 cui
1026 1296 1198 1352 quidem
1222 1310 1299 1342 nec
1320 1299 1540 1356 ingenium

308 1367 389 1422 nec
411 1374 604 1419 studium
642 1359 779 1430 desit,
811 1373 901 1418 ad
887 1373 1095 1429 insignem
1121 1376 1339 1421 doctrinae
1364 1375 1546 1425 faculta-

308 1463 393 1498 tem
413 1442 665 1497 adscendere
682 1451 845 1508 possit.
905 1435 1125 1508 Primum,
1157 1452 1331 1497 libellus
1351 1454 1541 1501 edendus

307 1522 433 1575 debet
450 1512 639 1573 conferri
658 1541 756 1573 cum
781 1528 878 1573 aliis
904 1528 1108 1575 omnibus
1131 1529 1463 1587 Grammaticis,
1493 1523 1545 1583 ut

307 1616 509 1665 appareat
528 1606 630 1662 quis
649 1607 827 1652 aiterum
866 1618 1042 1652 secutus
1074 1607 1162 1672 sit,
1193 1607 1299 1665 quid
1318 1609 1372 1652 ab
1399 1622 1450 1653 eo
1471 1607 1546 1654 ha.-

307 1686 406 1732 b'eat
430 1699 480 1732 ac
503 1686 755 1742 retinuerit,
789 1687 883 1732 sive
913 1688 1135 1743 omiserit,
1180 1686 1270 1732 sive
1299 1688 1538 1744 addiderit,

307 1763 535 1818 quomodo
563 1761 670 1807 alter
691 1763 742 1806 ex
766 1763 897 1806 altero
926 1763 1224 1819 supplendus,
1255 1763 1535 1822 interpretan-

306 1839 422 1894 dus,
449 1839 729 1895 corrigendus
752 1839 826 1885 sit.
888 1836 1021 1894 Quod
1046 1852 1096 1883 ut
1117 1841 1391 1886 utilissimam
1414 1839 1546 1889 habet·

306 1916 470 1974 ingenii
501 1916 881 1970 exercitationem,
912 1916 969 1961 ita
1004 1929 1132 1961 tenue
1160 1928 1202 1961 et
1227 1919 1334 1963 exile
1356 1929 1422 1983 est
1442 1932 1544 1974 cum
1605 1902 1609 1913 ’

305 1998 362 2041 ad
394 1994 596 2040 editionis
631 1995 830 2049 laudem,
861 2006 952 2039 tum
990 1995 1046 2039 ad
1075 1995 1284 2059 editoris'
1272 2009 1317 2040 ιιι
1348 1975 1547 2049 doctrina

302 2085 601 2131 progressum.
660 2073 855 2116 Alterum
884 2083 952 2119 est
980 2074 1117 2132 maJ‘us
1138 2073 1301 2131 negotii
1321 2074 1451 2131 hujus
1472 2073 1544 2118 of-

301 2146 452 2197 ficium
469 2183 486 2206 ,
515 2161 714 2196 accurata
746 2149 1017 2206 Scriptorum
1053 2150 1217 2204 lectio,
1245 2151 1375 2207 cujus
1403 2161 1446 2195 et
1466 2163 1544 2195 ne-

300 2221 544 2275 cessitatem
580 2229 797 2285 imponit,
827 2238 868 2270 et
900 2227 1260 2291 jucundissimum
1290 2227 1544 2276 invitamen-

303 2317 397 2352 tum
414 2339 431 2361 ,
460 2318 503 2351 et
531 2307 786 2351 acerrimum
824 2305 1177 2358 incitamentum,
1207 2303 1378 2350 adhibet
1406 2298 1541 2360 probe

265 2436 270 2442 ¹
305 2385 662 2429 administrandae
684 2383 886 2427 editionis
912 2394 1085 2427 munus.
1145 2381 1256 2425 Nam
1277 2381 1405 2424 lectio
1424 2379 1542 2435 opti·

302 2466 475 2504 morum
496 2458 766 2514 Scriptorum
785 2470 885 2502 cum
908 2471 982 2514 per
1004 2470 1051 2502 se
1068 2458 1126 2501 sit
1139 2455 1420 2508 ειιινίειῖιιιι,
1440 2463 1538 2502 tum

310 2519 536 2584 suavitatis
559 2537 598 2582 ei
617 2537 742 2594 quasi
775 2539 1001 2584 cumulum
1020 2534 1171 2593 adjicit
1189 2532 1383 2581 inventio
1404 2541 1539 2576 nova·

890 2631 914 2634 ’-
1442 2619 1542 2662 rum
