<?xml version="1.0" encoding="UTF-8"?>
<!DOCTYPE html PUBLIC "-//W3C//DTD XHTML 1.0 Transitional//EN"
    "http://www.w3.org/TR/xhtml1/DTD/xhtml1-transitional.dtd">
<html xmlns="http://www.w3.org/1999/xhtml" xml:lang="en" lang="en">
 <head>
  <title>
</title>
<meta http-equiv="Content-Type" content="text/html;charset=utf-8" />
  <meta name='ocr-system' content='tesseract 3.04.00' />
  <meta name='ocr-capabilities' content='ocr_page ocr_carea ocr_par ocr_line ocrx_word'/>
</head>
<body>
  <div class='ocr_page' id='page_1' title='image "./opusculavariiarg01wytt/opusculavariiarg01wytt_0437.png"; bbox 0 0 1624 3016; ppageno 0'>
   <div class='ocr_carea' id='block_1_1' title="bbox 291 166 1381 233">
    <p class='ocr_par' dir='ltr' id='par_1_1' title="bbox 291 166 1381 233">
     <span class='ocr_line' id='line_1_1' title="bbox 291 166 1381 233; baseline 0 -7"><span class='ocrx_word' id='word_1_1' title='bbox 291 170 650 226; x_wconf 77' lang='lat' dir='ltr'>PLUTARCHI</span> <span class='ocrx_word' id='word_1_2' title='bbox 676 167 1037 220; x_wconf 63' lang='lat' dir='ltr'>MORALIUMJ</span> <span class='ocrx_word' id='word_1_3' title='bbox 1061 166 1168 221; x_wconf 69' lang='lat' dir='ltr'>Vol.</span> <span class='ocrx_word' id='word_1_4' title='bbox 1183 173 1225 221; x_wconf 87' lang='lat'>1.</span> <span class='ocrx_word' id='word_1_5' title='bbox 1294 178 1381 233; x_wconf 68' lang='lat'>43!</span> 
     </span>
    </p>
   </div>
   <div class='ocr_carea' id='block_1_2' title="bbox 141 287 1397 1520">
    <p class='ocr_par' dir='ltr' id='par_1_2' title="bbox 141 287 1397 1520">
     <span class='ocr_line' id='line_1_2' title="bbox 147 287 1387 360; baseline -0.006 -9"><span class='ocrx_word' id='word_1_6' title='bbox 147 287 513 360; x_wconf 65' lang='lat' dir='ltr'>in&#39;siugularium</span> <span class='ocrx_word' id='word_1_7' title='bbox 542 295 790 347; x_wconf 85' lang='lat' dir='ltr'>libellorum</span> <span class='ocrx_word' id='word_1_8' title='bbox 822 291 1180 344; x_wconf 80' lang='lat' dir='ltr'>Plutareheomm</span> <span class='ocrx_word' id='word_1_9' title='bbox 1211 296 1387 344; x_wconf 75' lang='lat' dir='ltr'>Editio-¹</span> 
     </span>
     <span class='ocr_line' id='line_1_3' title="bbox 148 375 1391 431; baseline -0.005 -4"><span class='ocrx_word' id='word_1_10' title='bbox 148 380 282 427; x_wconf 75' lang='lat' dir='ltr'>nibus</span> <span class='ocrx_word' id='word_1_11' title='bbox 313 394 362 426; x_wconf 87' lang='lat' dir='ltr'>ac</span> <span class='ocrx_word' id='word_1_12' title='bbox 389 379 678 425; x_wconf 79' lang='lat' dir='ltr'>Versionibus</span> <span class='ocrx_word' id='word_1_13' title='bbox 713 386 818 422; x_wconf 86' lang='lat' dir='ltr'>sunt</span> <span class='ocrx_word' id='word_1_14' title='bbox 855 389 965 431; x_wconf 83' lang='lat' dir='ltr'>quas</span> <span class='ocrx_word' id='word_1_15' title='bbox 998 389 1077 421; x_wconf 86' lang='lat' dir='ltr'>nec</span> <span class='ocrx_word' id='word_1_16' title='bbox 1112 375 1274 431; x_wconf 83' lang='lat' dir='ltr'>habui,</span> <span class='ocrx_word' id='word_1_17' title='bbox 1302 384 1391 421; x_wconf 60' lang='lat' dir='ltr'>nee</span> 
     </span>
     <span class='ocr_line' id='line_1_4' title="bbox 147 439 1388 514; baseline -0.007 -10"><span class='ocrx_word' id='word_1_18' title='bbox 147 457 342 504; x_wconf 80' lang='lat' dir='ltr'>nancisci</span> <span class='ocrx_word' id='word_1_19' title='bbox 374 457 518 514; x_wconf 84' lang='lat' dir='ltr'>potui.</span> <span class='ocrx_word' id='word_1_20' title='bbox 577 454 671 499; x_wconf 88' lang='lat' dir='ltr'>Nec</span> <span class='ocrx_word' id='word_1_21' title='bbox 699 462 838 497; x_wconf 84' lang='lat' dir='ltr'>tamen</span> <span class='ocrx_word' id='word_1_22' title='bbox 870 463 944 496; x_wconf 83' lang='lat' dir='ltr'>eos</span> <span class='ocrx_word' id='word_1_23' title='bbox 973 453 1216 506; x_wconf 76' lang='lat' dir='ltr'>quaerendo</span> <span class='ocrx_word' id='word_1_24' title='bbox 1234 439 1388 509; x_wconf 74' lang='lat' dir='ltr'>exspe&#39;·</span> 
     </span>
     <span class='ocr_line' id='line_1_5' title="bbox 146 527 1388 592; baseline -0.01 -10"><span class='ocrx_word' id='word_1_25' title='bbox 146 538 391 592; x_wconf 88' lang='lat' dir='ltr'>ctandoque</span> <span class='ocrx_word' id='word_1_26' title='bbox 410 530 654 580; x_wconf 83' lang='lat' dir='ltr'>Editionem</span> <span class='ocrx_word' id='word_1_27' title='bbox 682 538 875 575; x_wconf 71' lang='lat' dir='ltr'>nostram</span> <span class='ocrx_word' id='word_1_28' title='bbox 907 528 1075 572; x_wconf 81' lang='lat' dir='ltr'>diutius</span> <span class='ocrx_word' id='word_1_29' title='bbox 1107 527 1276 577; x_wconf 84' lang='lat' dir='ltr'>differre</span> <span class='ocrx_word' id='word_1_30' title='bbox 1304 541 1388 574; x_wconf 84' lang='lat' dir='ltr'>vo-</span> 
     </span>
     <span class='ocr_line' id='line_1_6' title="bbox 147 605 1390 661; baseline -0.008 0"><span class='ocrx_word' id='word_1_31' title='bbox 147 617 229 661; x_wconf 85' lang='lat' dir='ltr'>lui.</span> <span class='ocrx_word' id='word_1_32' title='bbox 288 615 373 660; x_wconf 87' lang='lat' dir='ltr'>Est</span> <span class='ocrx_word' id='word_1_33' title='bbox 404 624 504 658; x_wconf 79' lang='lat' dir='ltr'>sane</span> <span class='ocrx_word' id='word_1_34' title='bbox 538 611 552 656; x_wconf 91' lang='lat' dir='ltr'>i</span> <span class='ocrx_word' id='word_1_35' title='bbox 637 607 894 654; x_wconf 78' lang='lat' dir='ltr'>Editlonum</span> <span class='ocrx_word' id='word_1_36' title='bbox 924 605 1278 661; x_wconf 86' lang='lat' dir='ltr'>Versionumque</span> <span class='ocrx_word' id='word_1_37' title='bbox 1309 620 1390 652; x_wconf 57' lang='lat' dir='ltr'>coa</span> 
     </span>
     <span class='ocr_line' id='line_1_7' title="bbox 148 686 1388 753; baseline -0.006 -13"><span class='ocrx_word' id='word_1_38' title='bbox 148 695 288 753; x_wconf 85' lang='lat' dir='ltr'>gnitio</span> <span class='ocrx_word' id='word_1_39' title='bbox 325 705 423 739; x_wconf 87' lang='lat' dir='ltr'>cum</span> <span class='ocrx_word' id='word_1_40' title='bbox 451 692 587 748; x_wconf 81' lang='lat' dir='ltr'>iucun</span> <span class='ocrx_word' id='word_1_41' title='bbox 617 702 667 744; x_wconf 81' lang='lat' dir='ltr'>a,</span> <span class='ocrx_word' id='word_1_42' title='bbox 708 697 804 733; x_wconf 84' lang='lat' dir='ltr'>tum</span> <span class='ocrx_word' id='word_1_43' title='bbox 834 686 964 743; x_wconf 76' lang='lat' dir='ltr'>digna</span> <span class='ocrx_word' id='word_1_44' title='bbox 999 686 1190 732; x_wconf 86' lang='lat' dir='ltr'>hominis</span> <span class='ocrx_word' id='word_1_45' title='bbox 1228 687 1388 733; x_wconf 84' lang='lat' dir='ltr'>literati</span> 
     </span>
     <span class='ocr_line' id='line_1_8' title="bbox 148 765 1390 827; baseline -0.006 -9"><span class='ocrx_word' id='word_1_46' title='bbox 148 771 320 827; x_wconf 85' lang='lat' dir='ltr'>studio;</span> <span class='ocrx_word' id='word_1_47' title='bbox 351 769 482 815; x_wconf 83' lang='lat' dir='ltr'>modo</span> <span class='ocrx_word' id='word_1_48' title='bbox 505 778 560 812; x_wconf 88' lang='lat' dir='ltr'>ne</span> <span class='ocrx_word' id='word_1_49' title='bbox 579 765 760 812; x_wconf 85' lang='lat' dir='ltr'>nimium</span> <span class='ocrx_word' id='word_1_50' title='bbox 785 765 824 810; x_wconf 86' lang='lat' dir='ltr'>ei</span> <span class='ocrx_word' id='word_1_51' title='bbox 848 765 1093 820; x_wconf 78' lang='lat' dir='ltr'>tribuatur,</span> <span class='ocrx_word' id='word_1_52' title='bbox 1123 774 1165 809; x_wconf 87' lang='lat' dir='ltr'>et</span> <span class='ocrx_word' id='word_1_53' title='bbox 1194 765 1390 821; x_wconf 75' lang='lat' dir='ltr'>ipsorum</span> 
     </span>
     <span class='ocr_line' id='line_1_9' title="bbox 147 840 1394 909; baseline -0.006 -15"><span class='ocrx_word' id='word_1_54' title='bbox 147 849 281 894; x_wconf 83' lang='lat' dir='ltr'>lectio</span> <span class='ocrx_word' id='word_1_55' title='bbox 317 849 567 909; x_wconf 48' lang='lat' dir='ltr'>Auctorum-</span> <span class='ocrx_word' id='word_1_56' title='bbox 593 844 855 900; x_wconf 80' lang='lat' dir='ltr'><strong>negligatur.</strong></span> <span class='ocrx_word' id='word_1_57' title='bbox 922 840 988 887; x_wconf 80' lang='lat' dir='ltr'>lta</span> <span class='ocrx_word' id='word_1_58' title='bbox 1021 841 1134 885; x_wconf 86' lang='lat' dir='ltr'>enim</span> <span class='ocrx_word' id='word_1_59' title='bbox 1174 841 1308 898; x_wconf 80' lang='lat' dir='ltr'>magis</span> <span class='ocrx_word' id='word_1_60' title='bbox 1337 840 1394 886; x_wconf 83' lang='lat' dir='ltr'>ad</span> 
     </span>
     <span class='ocr_line' id='line_1_10' title="bbox 146 917 1390 980; baseline -0.005 -10"><span class='ocrx_word' id='word_1_61' title='bbox 146 923 310 972; x_wconf 84' lang='lat' dir='ltr'>librarii</span> <span class='ocrx_word' id='word_1_62' title='bbox 343 921 564 980; x_wconf 84' lang='lat' dir='ltr'>negotium</span> <span class='ocrx_word' id='word_1_63' title='bbox 591 932 718 975; x_wconf 83' lang='lat' dir='ltr'>quam</span> <span class='ocrx_word' id='word_1_64' title='bbox 754 919 973 965; x_wconf 85' lang='lat' dir='ltr'>doetrinae</span> <span class='ocrx_word' id='word_1_65' title='bbox 994 917 1183 965; x_wconf 82' lang='lat' dir='ltr'>fructum</span> <span class='ocrx_word' id='word_1_66' title='bbox 1208 929 1390 975; x_wconf 84' lang='lat' dir='ltr'>spectet.</span> 
     </span>
     <span class='ocr_line' id='line_1_11' title="bbox 149 995 1392 1054; baseline -0.007 -5"><span class='ocrx_word' id='word_1_67' title='bbox 149 1003 235 1049; x_wconf 89' lang='lat' dir='ltr'>Sed</span> <span class='ocrx_word' id='word_1_68' title='bbox 266 1002 312 1047; x_wconf 87' lang='lat' dir='ltr'>in</span> <span class='ocrx_word' id='word_1_69' title='bbox 345 998 581 1046; x_wconf 82' lang='lat' dir='ltr'><strong>Plutarcho</strong></span> <span class='ocrx_word' id='word_1_70' title='bbox 614 997 816 1054; x_wconf 85' lang='lat' dir='ltr'>quidem,</span> <span class='ocrx_word' id='word_1_71' title='bbox 856 995 1042 1051; x_wconf 83' lang='lat' dir='ltr'>aliisque</span> <span class='ocrx_word' id='word_1_72' title='bbox 1089 995 1203 1040; x_wconf 80' lang='lat' dir='ltr'>baud</span> <span class='ocrx_word' id='word_1_73' title='bbox 1239 997 1392 1051; x_wconf 80' lang='lat' dir='ltr'>paucis</span> 
     </span>
     <span class='ocr_line' id='line_1_12' title="bbox 148 1073 1391 1133; baseline -0.009 -6"><span class='ocrx_word' id='word_1_74' title='bbox 148 1079 328 1127; x_wconf 82' lang='lat' dir='ltr'>Graecis</span> <span class='ocrx_word' id='word_1_75' title='bbox 375 1076 676 1130; x_wconf 76' lang='lat' dir='ltr'>Auctoribus,</span> <span class='ocrx_word' id='word_1_76' title='bbox 718 1075 899 1133; x_wconf 83' lang='lat' dir='ltr'>minoris</span> <span class='ocrx_word' id='word_1_77' title='bbox 949 1073 1024 1118; x_wconf 82' lang='lat' dir='ltr'>illa</span> <span class='ocrx_word' id='word_1_78' title='bbox 1069 1083 1137 1118; x_wconf 88' lang='lat' dir='ltr'>est</span> <span class='ocrx_word' id='word_1_79' title='bbox 1184 1073 1391 1118; x_wconf 70' lang='lat' dir='ltr'>utilitatis</span> 
     </span>
     <span class='ocr_line' id='line_1_13' title="bbox 147 1151 1386 1213; baseline -0.004 -12"><span class='ocrx_word' id='word_1_80' title='bbox 147 1169 277 1213; x_wconf 87' lang='lat' dir='ltr'>quam</span> <span class='ocrx_word' id='word_1_81' title='bbox 303 1155 404 1211; x_wconf 88' lang='lat' dir='ltr'>quis</span> <span class='ocrx_word' id='word_1_82' title='bbox 429 1153 704 1209; x_wconf 79' lang='lat' dir='ltr'>suspicetur3</span> <span class='ocrx_word' id='word_1_83' title='bbox 737 1162 960 1207; x_wconf 77' lang='lat' dir='ltr'>propterea</span> <span class='ocrx_word' id='word_1_84' title='bbox 976 1175 1008 1208; x_wconf 88' lang='lat'>,·</span> <span class='ocrx_word' id='word_1_85' title='bbox 1029 1153 1147 1208; x_wconf 87' lang='lat' dir='ltr'>quod</span> <span class='ocrx_word' id='word_1_86' title='bbox 1169 1151 1386 1209; x_wconf 82' lang='lat' dir='ltr'>paucissi-</span> 
     </span>
     <span class='ocr_line' id='line_1_14' title="bbox 141 1226 1392 1293; baseline -0.002 -20"><span class='ocrx_word' id='word_1_87' title='bbox 141 1241 219 1293; x_wconf 20' lang='lat' dir='ltr'>‘qta</span> <span class='ocrx_word' id='word_1_88' title='bbox 241 1230 419 1275; x_wconf 79' lang='lat' dir='ltr'>istarum</span> <span class='ocrx_word' id='word_1_89' title='bbox 453 1227 705 1272; x_wconf 84' lang='lat' dir='ltr'>Editionum</span> <span class='ocrx_word' id='word_1_90' title='bbox 742 1226 1095 1284; x_wconf 80' lang='lat' dir='ltr'>versionumque</span> <span class='ocrx_word' id='word_1_91' title='bbox 1119 1241 1220 1285; x_wconf 77' lang='lat' dir='ltr'>pars</span> <span class='ocrx_word' id='word_1_92' title='bbox 1244 1228 1297 1272; x_wconf 83' lang='lat' dir='ltr'>ab</span> <span class='ocrx_word' id='word_1_93' title='bbox 1319 1239 1392 1272; x_wconf 82' lang='lat' dir='ltr'>ac·</span> 
     </span>
     <span class='ocr_line' id='line_1_15' title="bbox 148 1304 1394 1353; baseline -0.002 0"><span class='ocrx_word' id='word_1_94' title='bbox 148 1317 322 1353; x_wconf 79' lang='lat' dir='ltr'>curatae</span> <span class='ocrx_word' id='word_1_95' title='bbox 347 1304 602 1352; x_wconf 84' lang='lat' dir='ltr'>hominibus</span> <span class='ocrx_word' id='word_1_96' title='bbox 624 1304 844 1350; x_wconf 89' lang='lat' dir='ltr'>doctrinae</span> <span class='ocrx_word' id='word_1_97' title='bbox 875 1305 991 1350; x_wconf 83' lang='lat' dir='ltr'>facta</span> <span class='ocrx_word' id='word_1_98' title='bbox 1015 1315 1111 1351; x_wconf 81' lang='lat' dir='ltr'>estt</span> <span class='ocrx_word' id='word_1_99' title='bbox 1141 1306 1282 1350; x_wconf 80' lang='lat' dir='ltr'>nullae</span> <span class='ocrx_word' id='word_1_100' title='bbox 1302 1304 1394 1350; x_wconf 79' lang='lat' dir='ltr'>fere</span> 
     </span>
     <span class='ocr_line' id='line_1_16' title="bbox 151 1383 1397 1441; baseline 0 -11"><span class='ocrx_word' id='word_1_101' title='bbox 151 1386 207 1430; x_wconf 83' lang='lat' dir='ltr'>ad</span> <span class='ocrx_word' id='word_1_102' title='bbox 223 1384 396 1430; x_wconf 87' lang='lat' dir='ltr'>codices</span> <span class='ocrx_word' id='word_1_103' title='bbox 414 1383 606 1439; x_wconf 82' lang='lat' dir='ltr'>scriptos</span> <span class='ocrx_word' id='word_1_104' title='bbox 627 1391 798 1428; x_wconf 76' lang='lat' dir='ltr'>exactae</span> <span class='ocrx_word' id='word_1_105' title='bbox 810 1392 852 1427; x_wconf 87' lang='lat' dir='ltr'>et</span> <span class='ocrx_word' id='word_1_106' title='bbox 874 1384 1120 1441; x_wconf 73' lang='lat' dir='ltr'>castigatae:</span> <span class='ocrx_word' id='word_1_107' title='bbox 1145 1385 1223 1429; x_wconf 80' lang='lat' dir='ltr'>sed</span> <span class='ocrx_word' id='word_1_108' title='bbox 1244 1396 1397 1430; x_wconf 81' lang='lat' dir='ltr'>omnes</span> 
     </span>
     <span class='ocr_line' id='line_1_17' title="bbox 151 1459 1397 1520; baseline -0.002 -13"><span class='ocrx_word' id='word_1_109' title='bbox 151 1461 497 1520; x_wconf 80' lang='lat' dir='ltr'>propemodum,</span> <span class='ocrx_word' id='word_1_110' title='bbox 527 1459 716 1507; x_wconf 81' lang='lat' dir='ltr'>Graecae</span> <span class='ocrx_word' id='word_1_111' title='bbox 742 1460 946 1517; x_wconf 84' lang='lat' dir='ltr'>quidem,</span> <span class='ocrx_word' id='word_1_112' title='bbox 970 1461 1178 1506; x_wconf 79' lang='lat' dir='ltr'>editiones</span> <span class='ocrx_word' id='word_1_113' title='bbox 1199 1474 1251 1505; x_wconf 84' lang='lat' dir='ltr'>ex</span> <span class='ocrx_word' id='word_1_114' title='bbox 1276 1460 1397 1517; x_wconf 81' lang='lat' dir='ltr'>prio-</span> 
     </span>
    </p>
   </div>
   <div class='ocr_carea' id='block_1_3' title="bbox 148 1537 1496 1595">
    <p class='ocr_par' dir='ltr' id='par_1_3' title="bbox 148 1537 1496 1595">
     <span class='ocr_line' id='line_1_18' title="bbox 148 1537 1496 1595; baseline -0.002 -8"><span class='ocrx_word' id='word_1_115' title='bbox 148 1541 273 1587; x_wconf 82' lang='lat' dir='ltr'>ribus</span> <span class='ocrx_word' id='word_1_116' title='bbox 318 1539 584 1584; x_wconf 76' lang='lat' dir='ltr'>editionibus</span> <span class='ocrx_word' id='word_1_117' title='bbox 634 1538 862 1595; x_wconf 82' lang='lat' dir='ltr'>repetitae,</span> <span class='ocrx_word' id='word_1_118' title='bbox 903 1539 956 1584; x_wconf 79' lang='lat' dir='ltr'>ad</span> <span class='ocrx_word' id='word_1_119' title='bbox 1000 1537 1307 1593; x_wconf 80' lang='lat' dir='ltr'>frequentanda</span> <span class='ocrx_word' id='word_1_120' title='bbox 1349 1538 1396 1584; x_wconf 82' lang='lat' dir='ltr'>in</span> <span class='ocrx_word' id='word_1_121' title='bbox 1488 1559 1496 1563; x_wconf 86' lang='lat'>-</span> 
     </span>
    </p>
   </div>
   <div class='ocr_carea' id='block_1_4' title="bbox 146 1613 1402 2666">
    <p class='ocr_par' dir='ltr' id='par_1_4' title="bbox 146 1613 1402 2600">
     <span class='ocr_line' id='line_1_19' title="bbox 150 1613 1396 1671; baseline -0.002 -9"><span class='ocrx_word' id='word_1_122' title='bbox 150 1627 285 1662; x_wconf 85' lang='lat' dir='ltr'>usum</span> <span class='ocrx_word' id='word_1_123' title='bbox 333 1615 524 1660; x_wconf 87' lang='lat' dir='ltr'>tironum</span> <span class='ocrx_word' id='word_1_124' title='bbox 568 1615 776 1671; x_wconf 79' lang='lat' dir='ltr'>exempla.</span> <span class='ocrx_word' id='word_1_125' title='bbox 847 1614 947 1660; x_wconf 80' lang='lat' dir='ltr'>Una</span> <span class='ocrx_word' id='word_1_126' title='bbox 983 1626 1035 1659; x_wconf 81' lang='lat' dir='ltr'>ex</span> <span class='ocrx_word' id='word_1_127' title='bbox 1069 1613 1322 1660; x_wconf 80' lang='lat' dir='ltr'>melioribus</span> <span class='ocrx_word' id='word_1_128' title='bbox 1348 1614 1396 1659; x_wconf 87' lang='lat' dir='ltr'>in</span> 
     </span>
     <span class='ocr_line' id='line_1_20' title="bbox 148 1691 1397 1752; baseline -0.004 -12"><span class='ocrx_word' id='word_1_129' title='bbox 148 1693 237 1740; x_wconf 82' lang='lat' dir='ltr'>hoc</span> <span class='ocrx_word' id='word_1_130' title='bbox 269 1705 420 1752; x_wconf 86' lang='lat' dir='ltr'>genere</span> <span class='ocrx_word' id='word_1_131' title='bbox 448 1691 733 1740; x_wconf 86' lang='lat' dir='ltr'>Editionibus</span> <span class='ocrx_word' id='word_1_132' title='bbox 775 1702 843 1738; x_wconf 87' lang='lat' dir='ltr'>est</span> <span class='ocrx_word' id='word_1_133' title='bbox 874 1691 1118 1749; x_wconf 79' lang='lat' dir='ltr'>Xylandrea</span> <span class='ocrx_word' id='word_1_134' title='bbox 1154 1691 1291 1737; x_wconf 86' lang='lat' dir='ltr'>libelli</span> <span class='ocrx_word' id='word_1_135' title='bbox 1324 1691 1397 1737; x_wconf 80' lang='lat' dir='ltr'>Do</span> 
     </span>
     <span class='ocr_line' id='line_1_21' title="bbox 148 1766 1396 1826; baseline -0.002 -12"><span class='ocrx_word' id='word_1_136' title='bbox 148 1767 374 1826; x_wconf 57' lang='lat' dir='ltr'>Legenda·</span> <span class='ocrx_word' id='word_1_137' title='bbox 394 1767 568 1813; x_wconf 72' lang='lat' dir='ltr'>Poms:</span> <span class='ocrx_word' id='word_1_138' title='bbox 596 1767 718 1823; x_wconf 81' lang='lat' dir='ltr'>atqui</span> <span class='ocrx_word' id='word_1_139' title='bbox 754 1767 817 1812; x_wconf 87' lang='lat' dir='ltr'>nil</span> <span class='ocrx_word' id='word_1_140' title='bbox 849 1767 894 1812; x_wconf 87' lang='lat' dir='ltr'>in</span> <span class='ocrx_word' id='word_1_141' title='bbox 919 1779 966 1811; x_wconf 76' lang='lat' dir='ltr'>ea</span> <span class='ocrx_word' id='word_1_142' title='bbox 989 1766 1155 1823; x_wconf 88' lang='lat' dir='ltr'>reperi,</span> <span class='ocrx_word' id='word_1_143' title='bbox 1186 1768 1293 1823; x_wconf 86' lang='lat' dir='ltr'>quin</span> <span class='ocrx_word' id='word_1_144' title='bbox 1325 1768 1396 1812; x_wconf 84' lang='lat' dir='ltr'>vel</span> 
     </span>
     <span class='ocr_line' id='line_1_22' title="bbox 149 1844 1397 1902; baseline -0.001 -11"><span class='ocrx_word' id='word_1_145' title='bbox 149 1858 176 1891; x_wconf 80' lang='lat' dir='ltr'>a</span> <span class='ocrx_word' id='word_1_146' title='bbox 208 1857 544 1891; x_wconf 61' lang='lat' dir='ltr'>xvnauono</span> <span class='ocrx_word' id='word_1_147' title='bbox 582 1846 629 1891; x_wconf 89' lang='lat' dir='ltr'>in</span> <span class='ocrx_word' id='word_1_148' title='bbox 649 1846 809 1902; x_wconf 82' lang='lat' dir='ltr'>majore</span> <span class='ocrx_word' id='word_1_149' title='bbox 826 1844 995 1892; x_wconf 79' lang='lat' dir='ltr'>Graeca</span> <span class='ocrx_word' id='word_1_150' title='bbox 1018 1845 1223 1891; x_wconf 86' lang='lat' dir='ltr'>Editione</span> <span class='ocrx_word' id='word_1_151' title='bbox 1246 1858 1289 1892; x_wconf 92' lang='lat' dir='ltr'>et</span> <span class='ocrx_word' id='word_1_152' title='bbox 1310 1846 1397 1890; x_wconf 79' lang='lat' dir='ltr'>La-</span> 
     </span>
     <span class='ocr_line' id='line_1_23' title="bbox 148 1922 1396 1980; baseline 0.001 -14"><span class='ocrx_word' id='word_1_153' title='bbox 148 1922 491 1968; x_wconf 82' lang='lat' dir='ltr'>tina-versione</span> <span class='ocrx_word' id='word_1_154' title='bbox 519 1932 748 1976; x_wconf 68' lang='lat' dir='ltr'>notatum,</span> <span class='ocrx_word' id='word_1_155' title='bbox 777 1924 847 1968; x_wconf 80' lang='lat' dir='ltr'>vel</span> <span class='ocrx_word' id='word_1_156' title='bbox 870 1936 895 1967; x_wconf 82' lang='lat' dir='ltr'>a</span> <span class='ocrx_word' id='word_1_157' title='bbox 929 1935 997 1967; x_wconf 86' lang='lat' dir='ltr'>me</span> <span class='ocrx_word' id='word_1_158' title='bbox 1021 1929 1106 1980; x_wconf 79' lang='lat' dir='ltr'>jam</span> <span class='ocrx_word' id='word_1_159' title='bbox 1133 1934 1396 1979; x_wconf 85' lang='lat' dir='ltr'>occupatum</span> 
     </span>
     <span class='ocr_line' id='line_1_24' title="bbox 146 1997 1396 2057; baseline 0.002 -14"><span class='ocrx_word' id='word_1_160' title='bbox 146 2009 281 2044; x_wconf 83' lang='lat' dir='ltr'>esset.</span> <span class='ocrx_word' id='word_1_161' title='bbox 349 1998 509 2043; x_wconf 83' lang='lat' dir='ltr'>Eadem</span> <span class='ocrx_word' id='word_1_162' title='bbox 557 1997 782 2043; x_wconf 79' lang='lat' dir='ltr'>frustratio</span> <span class='ocrx_word' id='word_1_163' title='bbox 821 1999 909 2053; x_wconf 83' lang='lat' dir='ltr'>fuit</span> <span class='ocrx_word' id='word_1_164' title='bbox 941 2002 987 2045; x_wconf 89' lang='lat' dir='ltr'>in</span> <span class='ocrx_word' id='word_1_165' title='bbox 1027 2002 1122 2046; x_wconf 83' lang='lat' dir='ltr'>aliis</span> <span class='ocrx_word' id='word_1_166' title='bbox 1144 2033 1160 2055; x_wconf 90' lang='lat'><strong>‚</strong></span> <span class='ocrx_word' id='word_1_167' title='bbox 1204 2002 1396 2057; x_wconf 81' lang='lat' dir='ltr'>exceptis</span> 
     </span>
     <span class='ocr_line' id='line_1_25' title="bbox 151 2074 1400 2132; baseline 0.003 -13"><span class='ocrx_word' id='word_1_168' title='bbox 151 2074 269 2120; x_wconf 80' lang='lat' dir='ltr'>forte</span> <span class='ocrx_word' id='word_1_169' title='bbox 309 2082 631 2129; x_wconf 70' lang='lat' dir='ltr'>Tuunnnt,</span> <span class='ocrx_word' id='word_1_170' title='bbox 672 2087 1068 2132; x_wconf 59' lang='lat' dir='ltr'>caueantur,</span> <span class='ocrx_word' id='word_1_171' title='bbox 1106 2078 1311 2125; x_wconf 78' lang='lat' dir='ltr'>adinum</span> <span class='ocrx_word' id='word_1_172' title='bbox 1345 2078 1400 2123; x_wconf 74' lang='lat' dir='ltr'>de</span> 
     </span>
     <span class='ocr_line' id='line_1_26' title="bbox 154 2153 1400 2212; baseline 0.002 -15"><span class='ocrx_word' id='word_1_173' title='bbox 154 2153 274 2198; x_wconf 78' lang='lat' dir='ltr'>Iside</span> <span class='ocrx_word' id='word_1_174' title='bbox 321 2153 478 2197; x_wconf 87' lang='lat' dir='ltr'>librum</span> <span class='ocrx_word' id='word_1_175' title='bbox 541 2159 851 2199; x_wconf 67' lang='lat' dir='ltr'>Bssn&#39;rnntt</span> <span class='ocrx_word' id='word_1_176' title='bbox 897 2168 945 2200; x_wconf 81' lang='lat' dir='ltr'>ac</span> <span class='ocrx_word' id='word_1_177' title='bbox 991 2168 1400 2212; x_wconf 62' lang='lat' dir='ltr'>mantulum,</span> 
     </span>
     <span class='ocr_line' id='line_1_27' title="bbox 150 2232 1401 2290; baseline 0.004 -15"><span class='ocrx_word' id='word_1_178' title='bbox 150 2239 197 2275; x_wconf 88' lang='lat' dir='ltr'>et</span> <span class='ocrx_word' id='word_1_179' title='bbox 233 2242 469 2285; x_wconf 83' lang='lat' dir='ltr'>paucorum</span> <span class='ocrx_word' id='word_1_180' title='bbox 492 2232 775 2285; x_wconf 79' lang='lat' dir='ltr'>quorumdam</span> <span class='ocrx_word' id='word_1_181' title='bbox 810 2233 865 2277; x_wconf 85' lang='lat' dir='ltr'>ad</span> <span class='ocrx_word' id='word_1_182' title='bbox 885 2233 995 2278; x_wconf 81' lang='lat' dir='ltr'>alios</span> <span class='ocrx_word' id='word_1_183' title='bbox 1025 2233 1188 2290; x_wconf 89' lang='lat' dir='ltr'>libros,</span> <span class='ocrx_word' id='word_1_184' title='bbox 1218 2245 1401 2280; x_wconf 71' lang='lat' dir='ltr'>annote-</span> 
     </span>
     <span class='ocr_line' id='line_1_28' title="bbox 157 2308 1398 2365; baseline 0.006 -14"><span class='ocrx_word' id='word_1_185' title='bbox 157 2308 375 2353; x_wconf 76' lang='lat' dir='ltr'>tionibuS.</span> <span class='ocrx_word' id='word_1_186' title='bbox 444 2308 641 2354; x_wconf 88' lang='lat' dir='ltr'>Profiteri</span> <span class='ocrx_word' id='word_1_187' title='bbox 679 2309 794 2354; x_wconf 85' lang='lat' dir='ltr'>haud</span> <span class='ocrx_word' id='word_1_188' title='bbox 828 2321 1006 2365; x_wconf 84' lang='lat' dir='ltr'>vereor,</span> <span class='ocrx_word' id='word_1_189' title='bbox 1046 2324 1114 2356; x_wconf 79' lang='lat' dir='ltr'>me</span> <span class='ocrx_word' id='word_1_190' title='bbox 1147 2313 1255 2357; x_wconf 82' lang='lat' dir='ltr'>solis</span> <span class='ocrx_word' id='word_1_191' title='bbox 1290 2312 1398 2358; x_wconf 70' lang='lat' dir='ltr'>mei·</span> 
     </span>
     <span class='ocr_line' id='line_1_29' title="bbox 156 2385 1402 2458; baseline 0.004 -29"><span class='ocrx_word' id='word_1_192' title='bbox 156 2385 305 2458; x_wconf 69' lang='lat' dir='ltr'>ipsum</span> <span class='ocrx_word' id='word_1_193' title='bbox 341 2386 482 2442; x_wconf 88' lang='lat' dir='ltr'>copiis</span> <span class='ocrx_word' id='word_1_194' title='bbox 508 2385 697 2441; x_wconf 81' lang='lat' dir='ltr'>fretum,</span> <span class='ocrx_word' id='word_1_195' title='bbox 729 2388 845 2432; x_wconf 86' lang='lat' dir='ltr'>haud</span> <span class='ocrx_word' id='word_1_196' title='bbox 871 2390 1012 2433; x_wconf 85' lang='lat' dir='ltr'>multo</span> <span class='ocrx_word' id='word_1_197' title='bbox 1035 2389 1281 2434; x_wconf 77' lang='lat' dir='ltr'>deteriorem</span> <span class='ocrx_word' id='word_1_198' title='bbox 1310 2390 1402 2435; x_wconf 82' lang='lat' dir='ltr'>edi-</span> 
     </span>
     <span class='ocr_line' id='line_1_30' title="bbox 157 2462 1400 2522; baseline 0.005 -17"><span class='ocrx_word' id='word_1_199' title='bbox 157 2462 319 2507; x_wconf 88' lang='lat' dir='ltr'>tionem</span> <span class='ocrx_word' id='word_1_200' title='bbox 347 2463 597 2509; x_wconf 88' lang='lat' dir='ltr'>effecturum</span> <span class='ocrx_word' id='word_1_201' title='bbox 628 2464 798 2520; x_wconf 80' lang='lat' dir='ltr'>fuisse,</span> <span class='ocrx_word' id='word_1_202' title='bbox 838 2479 969 2522; x_wconf 82' lang='lat' dir='ltr'>quam</span> <span class='ocrx_word' id='word_1_203' title='bbox 1004 2466 1114 2510; x_wconf 83' lang='lat' dir='ltr'>hane</span> <span class='ocrx_word' id='word_1_204' title='bbox 1146 2479 1263 2511; x_wconf 88' lang='lat' dir='ltr'>nunc</span> <span class='ocrx_word' id='word_1_205' title='bbox 1298 2466 1400 2510; x_wconf 80' lang='lat' dir='ltr'>effe-</span> 
     </span>
     <span class='ocr_line' id='line_1_31' title="bbox 157 2542 1401 2600; baseline 0 -14"><span class='ocrx_word' id='word_1_206' title='bbox 157 2550 272 2586; x_wconf 79' lang='lat' dir='ltr'>ctam</span> <span class='ocrx_word' id='word_1_207' title='bbox 299 2542 469 2587; x_wconf 81' lang='lat' dir='ltr'>auxiliis</span> <span class='ocrx_word' id='word_1_208' title='bbox 493 2543 689 2600; x_wconf 80' lang='lat' dir='ltr'>priorum</span> <span class='ocrx_word' id='word_1_209' title='bbox 714 2543 1012 2600; x_wconf 84' lang='lat' dir='ltr'>interpretum.</span> <span class='ocrx_word' id='word_1_210' title='bbox 1040 2543 1276 2590; x_wconf 80' lang='lat' dir='ltr'>Doctrinae</span> <span class='ocrx_word' id='word_1_211' title='bbox 1301 2543 1401 2587; x_wconf 64' lang='lat' dir='ltr'>fon·</span> 
     </span>
    </p>

    <p class='ocr_par' dir='ltr' id='par_1_5' title="bbox 1336 2632 1400 2666">
     <span class='ocr_line' id='line_1_32' title="bbox 1336 2632 1400 2666; baseline 0 0"><span class='ocrx_word' id='word_1_212' title='bbox 1336 2632 1400 2666; x_wconf 67' lang='grc' dir='ltr'>ιω</span> 
     </span>
    </p>
   </div>
  </div>
 </body>
</html>
