1624 3016
259 175 617 232 PnurARcm
643 174 1002 226 monacum.
1006 157 1138 228 ‘vah
1162 183 1200 229 1.
1258 185 1353 240 299

119 306 263 362 ciant,
293 306 504 352 continuo
527 303 776 350 sententiam
814 303 859 350 in
885 301 1109 370 publicum
1138 303 1355 359 prodant,

118 383 261 439 specie
291 390 491 440 gravem,
523 394 567 425 re
602 383 765 435 levem,
796 370 887 423 eam
922 388 1062 424 tamen
1097 393 1225 434 quam
1260 381 1358 424 vul-

117 471 202 516 gus
236 469 453 514 sequatur.
524 459 730 514 Cogitent
777 456 938 511 quibus
982 456 1223 500 rationibus
1260 455 1357 501 ani-

120 548 237 581 mum
260 536 502 589 instruant,
520 528 582 577 'ut
605 542 822 578 contemta
846 530 1013 586 vulgari
1042 530 1251 585 gloriola,
1281 543 1357 576 so-

118 611 163 654 lo
185 623 232 656 sc
261 621 458 655 tueantur
477 621 715 665 paucorum
739 610 974 664 peritorum
1002 618 1051 649 ac
1076 607 1352 661 prudentium

117 688 307 732 virorum
325 686 524 744 judicio,
556 690 737 741 ejusque
767 683 919 741 iudicii
951 681 1167 725 minimam
1198 693 1362 738 partem

117 773 337 820 praesente
369 769 533 816 aetate,
576 760 801 816 plurimam
839 758 1126 814 sequentibus
1172 760 1358 812 saeculis

117 838 327 887 contineri
359 827 566 884 statuant.
627 837 865 893 Cogitent‚
895 845 1035 879 veram
1075 835 1240 879 laudem
1271 847 1362 882 non

116 917 163 961 in
189 916 302 962 fama
332 923 373 959 et
406 913 618 959 sermonis
649 912 892 957 celebritate
925 911 1109 967 positam
1130 923 1254 965 esse,
1284 912 1360 958 sed

115 992 163 1038 in
185 993 332 1036 fructu
360 990 435 1046 qui
460 988 511 1035 ex
543 1000 693 1036 nostro
719 988 866 1033 labore
895 987 948 1032 ad
980 987 1090 1032 alios
1115 988 1353 1044 redundat,

116 1068 224 1125 qui,
258 1069 458 1125 quamvis
496 1068 635 1126 ignoti
668 1077 711 1110 et
739 1065 890 1117 taciti,
920 1065 1051 1121 tacite
1075 1064 1231 1110 editori
1260 1076 1359 1123 gra-

113 1143 216 1191 tiam
258 1145 437 1199 habeant
470 1144 522 1189 de
548 1143 764 1187 Auctoris
813 1139 1095 1197 intelligentia
1130 1150 1275 1196 aperta
1310 1151 1355 1186 et

114 1220 306 1269 faciliore
342 1216 518 1267 reddita.
581 1218 697 1263 Tum
737 1217 1096 1262 demum'bonam
1130 1229 1253 1274 apem
1298 1218 1354 1262 de

116 1309 323 1341 successu
356 1294 531 1343 consilii
563 1295 631 1340 sui
673 1296 875 1351 capiant,
917 1306 1052 1350 quum
1097 1293 1172 1339 illa
1209 1294 1356 1339 omnia

114 1374 231 1430 apud
277 1385 324 1418 se
370 1372 659 1430 reputaverint
677 1403 695 1427 ,
733 1371 1063 1428 perpenderint,
1113 1370 1357 1416 constitue-

113 1450 227 1495 rint=
272 1462 406 1506 quum
423 1481 439 1504 ,
471 1448 679 1506 neglectis
713 1448 915 1495 clamosis
949 1446 1223 1492 exactoribus
1250 1458 1354 1502 ope-

111 1525 202 1579 ris,
232 1526 278 1570 in
313 1535 518 1581 suscepto
553 1524 701 1569 itinere
731 1534 982 1569 constanter
1012 1532 1224 1580 pergant,
1253 1522 1353 1567 uni·

21 1630 23 1633 .
103 1614 161 1665 'ce
199 1602 285 1659 jam
332 1601 443 1646 illud
485 1601 731 1648 Ennianum
768 1610 811 1646 et
858 1601 958 1647 istie
1001 1609 1261 1659 opponant,
1308 1608 1353 1644 et

114 1677 199 1727 sibi
225 1686 471 1734 proponant
485 1706 504 1731 ,

168 1814 291 1859 Unus
317 1813 396 1873 qu'l
423 1814 540 1859 nobis
568 1814 811 1862 cunctando
838 1815 1041 1860 restituit
1069 1827 1196 1871 rem,-

170 1891 274 1942 Non
292 1893 477 1951 ponebat
505 1894 615 1937 enlm
637 1887 832 1937 rumores
859 1901 964 1936 ante
990 1890 1204 1947 salutem

166 1967 290 2029 Ergo
306 1977 482 2030 postque
500 1971 721 2036 magisque
737 1972 830 2022 vin·
846 1983 960 2018 nunc
977 1970 1128 2027 gloria
1146 1968 1309 2014 elam.

1211 2533 1252 2579 C
1279 2533 1343 2581 A·
