1624 3016
349 159 526 210 VITA
568 161 628 210 D.
669 158 1119 209 RUHNKENH.
1266 169 1356 225 ²⁶5

125 294 176 333 u
206 285 406 342 dolebat;
437 295 665 344 earumque
700 282 892 328 dolorem
941 294 983 329 et
1020 287 1163 332 verbis
1196 293 1355 333 etmu-

123 363 318 408 musculis
349 362 561 414 leniebat,
592 372 718 404 suum
754 360 846 415 ipse
883 361 1054 416 genium
1088 362 1359 413 defraudans.

122 436 539 494 Supervenivetiam
576 435 722 481 uxoris
757 446 801 479 et
832 438 1011 482 minoris
1047 440 1159 484 filiae
1187 441 1355 488 cladeae

125 529 252 573 quam
288 507 358 557 ille
379 513 539 563 cladem
580 522 630 557 ut
658 520 701 556 et
734 513 928 558 dolenter
961 526 1003 558 et
1044 515 1214 562 fortiter
1246 519 1358 563 tule-

120 597 208 650 rit,
237 607 335 640 cum
371 606 500 649 supra
531 593 750 647 diximus,
782 601 874 637 tum
909 602 1060 637 notum
1092 604 1158 637 eat
1192 594 1235 638 in
1258 594 1355 639 vul·

121 690 223 734 gua.
297 675 376 720 Illa
409 675 626 719 calamitas
658 672 995 729 parcimoniam,
1025 682 1074 715 ut
1105 672 1240 728 magis
1281 684 1356 716 ne-

119 752 343 798 cessariam
369 781 387 806 ,
429 751 486 794 ita
529 750 671 795 minua
705 749 911 794 efficacem
954 748 1168 793 reddebat.
1233 748 1356 793 Pater

114 827 334 876 infelicem
365 825 510 873 uxoris
545 824 815 881 minorisque
850 824 960 869 filiae
990 835 1148 870 sortem
1171 825 1353 870 commi.

117 915 295 960 aeratis,
324 911 367 947 et
406 903 579 961 maioris
620 903 892 959 integraeque
923 901 1034 947 filiae
1057 914 1152 960 erga
1177 904 1281 965 illas,
1306 912 1351 951 et

115 979 262 1036 ipsum
308 980 463 1035 pietate
485 1010 503 1034 ,
551 991 651 1023 cura
675 1009 692 1033 ,
735 978 1042 1036 diligentiaque
1088 978 1355 1037 delectatua,

112 1055 296 1110 mollior
322 1054 579 1111 faciliorque
613 1065 700 1098 erat
721 1056 773 1099 ad
793 1054 1116 1110 obsequendum
1140 1065 1356 1100 utrarum·

105 1119 205 1193 *que
233 1133 535 1180 voluntatibus
566 1146 615 1177 ac
649 1132 887 1179 desideriis.
945 1132 1094 1190 Ergo,
1123 1132 1163 1176 si
1188 1135 1359 1189 quaeri.

118 1221 217 1253 mus
257 1210 395 1263 qualis
446 1208 574 1253 fuerit
612 1208 919 1264 paterfamilias
943 1239 961 1264 ,
998 1220 1181 1265 utraque
1222 1206 1355 1267 hujus

118 1285 247 1332 officii
271 1298 369 1341 parc
393 1287 574 1332 aeorsim
599 1297 665 1332 eat
687 1287 937 1343 spectanda.
992 1286 1104 1331 Nam
1126 1300 1223 1344 erga
1245 1300 1355 1332 uxo·

113 1374 200 1409 rem
235 1361 430 1419 filiasque
457 1376 547 1410 non
581 1364 726 1412 minua
758 1365 1016 1420 prudenter,
1049 1378 1176 1420 quam
1202 1365 1344 1413 indul-

114 1450 263 1499 genter
292 1450 561 1497 amanterque
593 1453 641 1486 se
671 1441 802 1497 gessit
828 1455 849 1489 ε,
885 1442 930 1487 in
964 1442 1033 1487 his
1064 1443 1188 1486 etiam
1210 1473 1225 1495 ,
1271 1452 1351 1496 pro

115 1520 346 1575 utriusque
389 1528 519 1577 captu
539 1550 557 1573 ,
605 1519 881 1566 instituendis
905 1550 922 1574 ,
960 1520 1224 1574 erudiendis,
1264 1518 1356 1563 for-

114 1596 312 1652 mandis,
341 1610 440 1642 cum
477 1598 734 1654 diligenter,
778 1607 870 1642 tum
909 1596 1167 1652 liberaliter3
1200 1607 1249 1641 ut
1274 1610 1353 1642 nec

114 1686 298 1739 operae,
338 1687 416 1720 nec
450 1675 615 1720 sumtui
637 1706 655 1730 ,
693 1673 786 1725 aive
821 1674 875 1719 ad
918 1675 1083 1719 cultum
1106 1705 1125 1729 ,
1166 1674 1258 1719 sive
1295 1675 1353 1720 ad

114 1752 348 1798 mercedem
376 1751 714 1798 adhibendorum
758 1753 1060 1809 magistrorum
1083 1782 1101 1806 ,
1141 1763 1346 1809 parceret.

115 1826 178 1873 At
224 1829 271 1875 in
314 1840 358 1874 re
399 1826 770 1885 facultatibusque
822 1829 996 1874 tuendis
1037 1839 1079 1875 et
1117 1827 1350 1886 augendis»,

119 1915 254 1958 quum
277 1916 367 1950 non
396 1914 550 1960 posset
571 1906 690 1959 quod
727 1906 853 1950 vellet
870 1936 887 1959 ,
918 1903 1019 1950 fecit
1042 1907 1163 1962 quod
1184 1905 1351 1962 potuit.

115 1977 229 2026 Nam
265 1981 317 2026 ad
350 1982 612 2028 necessarios
643 1982 771 2038 illos,
815 1995 930 2039 quos
969 1984 1099 2029 modo
1129 1984 1352 2041 diximus,

114 2072 289 2109 sumtus
305 2092 323 2118 ,
351 2062 604 2108 accedebant
641 2062 991 2118 extraordinarii,
1021 2076 1134 2119 quos
1175 2062 1357 2114 honeste

117 2136 263 2182 omitti
296 2149 385 2184 non
421 2151 553 2195 posse
593 2140 806 2186 censebat.
873 2139 1071 2186 Habebat
1112 2153 1239 2186 usum
1277 2155 1357 2191 co·

118 2212 324 2268 piamque
361 2213 648 2261 bibliothecae
683 2217 909 2272 publicae,
948 2227 998 2263 ut
1030 2228 1071 2262 et
1102 2211 1355 2282 Profeasor,

118 2298 163 2332 et
191 2288 307 2333 illius
344 2290 438 2347 ipse
472 2291 748 2349 praefectus:
777 2304 919 2349 neque
955 2306 1075 2339 suam
1110 2293 1193 2339 sibi
1212 2295 1355 2350 priva·

120 2372 207 2408 tam
234 2365 349 2411 domi
373 2367 674 2414 bibliothecam
699 2370 843 2415 minus
873 2370 1129 2425 locupletem
1162 2382 1358 2416 necessa·

119 2442 182 2488 ria
219 2442 425 2490 librorum
461 2448 729 2503 supellectile
760 2460 855 2495 ease
883 2436 1083 2493 volebat:
1116 2448 1350 2503 habuitque

123 2534 214 2570 eam
247 2538 350 2571 sane
393 2527 600 2574 librorum
640 2542 740 2574 cum
771 2541 975 2586 numero,
1017 2539 1108 2572 tum
1136 2539 1356 2585 praestan·

1270 2614 1354 2659 tia,
