1624 3016
205 140 299 196 42⁶
438 130 778 181 PRAEFATIO
817 146 881 180 nx
920 134 1215 185 emi-ione

268 258 524 312 Exemplum
548 262 808 308 contextus,
840 257 959 310 quod
977 262 1273 316 typographus
1298 264 1341 308 in
1366 275 1451 308 no-

208 344 296 379 stra
318 331 521 378 Editione
546 341 794 385 sequeretur
813 341 855 376 et
886 333 1169 390 exprimeret,
1201 337 1259 382 ita
1284 339 1447 384 instru-

209 412 254 456 xi
271 418 314 454 et
333 408 554 454 adornavi.
595 407 743 452 Sumsi
762 410 1003 466 exemplum
1028 410 1246 458 Editionis
1262 414 1451 464 Grseco.

207 488 390 534 Latinae
412 496 680 543 postremae,
699 486 799 531 anni
823 489 966 542 162⁴;
988 487 1153 544 quippe
1176 491 1296 544 quod
1317 492 1450 539 simul

209 575 253 612 et
275 575 517 611 ummo
531 576 563 609 ι
577 575 593 606 1
622 562 824 609 Latinam
846 562 1102 609 Versionem
1121 596 1138 619 ‚
1167 575 1210 610 et
1232 565 1455 616 Graecum-

210 650 461 688 contextum
498 639 836 696 Stephanianum
879 639 1157 695 paucioribus
1193 655 1319 697 quam
1342 644 1456 688 duae

209 719 376 778 priores
390 717 764 763 Graeco-Latinae
781 716 947 762 mendis
964 717 1294 773 typographicis
1309 718 1455 772 inqui·

213 806 362 842 uatum
385 795 642 840 contineret.
684 793 1016 850 Stephanisnum
1037 802 1176 837 autem
1201 804 1453 839 contextum

210 874 344 921 maini
376 885 504 928 quam
533 874 665 917 alium
684 902 702 926 ‚
733 866 853 926 quod
888 871 928 914 is
952 871 1214 917 emendatior
1234 882 1381 925 esset,
1409 879 1454 915 et

209 953 250 998 si
272 951 379 1008 quid
397 953 437 997 ei
459 949 720 995 sinceritatis
737 957 779 991 et
797 948 1071 992 auctoritatis
1090 948 1278 1003 deesset,
1298 950 1341 992 id
1361 960 1453 994 non

212 1039 379 1076 tantum
414 1037 526 1071 esset
571 1036 622 1069 ut
646 1023 806 1080 corrigi
826 1022 954 1068 facile
977 1023 1190 1079 nequiret.
1250 1025 1349 1070 Hoc
1373 1026 1457 1082 igi.

210 1115 285 1150 tur
307 1104 547 1160 exemplum
568 1112 669 1146 ante
691 1100 837 1146 omnia
854 1100 1089 1158 expurgavi
1101 1101 1367 1158 corrigendis
1385 1102 1456 1149 di-

209 1184 392 1241 ligenter
423 1181 664 1234 seduloque
699 1178 1025 1234 typographicis
1049 1179 1242 1224 mendis:
1269 1191 1472 1236 eamque,

213 1272 412 1316 operam,
455 1256 726 1309 secundum,
755 1253 927 1298 tertium
943 1275 961 1307 ³
988 1263 1191 1308 qusrtum
1217 1264 1260 1298 et
1289 1255 1456 1310 pluries

210 1337 407 1394 repetivi.
478 1334 628 1389 Itaque
662 1331 760 1377 cavi
793 1343 848 1376 ne
891 1331 1002 1375 idem
1040 1343 1213 1376 nostrae
1244 1332 1457 1378 accideret

211 1412 409 1458 Editioni
425 1442 442 1466 ,
473 1410 592 1466 quod
611 1408 856 1464 Bryaneae3
886 1407 1016 1462 cujus
1039 1409 1275 1463 permultae
1294 1408 1459 1455 Anim-

212 1490 488 1535 adversiones
513 1494 834 1532 consumuntur
858 1486 1082 1530 notatione
1106 1487 1357 1534 mendorum
1384 1498 1460 1544 ty-

213 1567 578 1625 pographicorum
600 1578 625 1608 e
645 1563 1014 1610 Graeco-Latina
1037 1563 1332 1619 repetitorum.
1367 1566 1461 1612 Er-

214 1657 273 1701 go
289 1641 575 1699 expurgandis
591 1641 690 1685 istis
711 1639 876 1685 mendis
891 1652 943 1684 ex
958 1640 1207 1686 Moralium
1222 1645 1420 1699 exemplo
1431 1675 1454 1699 ‚

207 1723 345 1768 ‘simul
361 1719 743 1765 animadvertebam
762 1719 887 1763 locos
908 1718 983 1763 ubi
1006 1717 1372 1765 Graeco-Latina
1389 1727 1457 1763 te-

215 1811 330 1844 mere
352 1811 375 1842 a
396 1795 683 1852 Stephaniana
707 1797 973 1841 recessisset.
1025 1795 1120 1852 Jam
1133 1798 1374 1853 exemplum
1395 1797 1464 1845 im

212 1883 506 1932 praeparatum
541 1872 708 1928 perrexi
733 1874 944 1917 instruere
963 1886 1010 1918 a
1025 1905 1043 1927 ‚
1074 1882 1203 1929 quam
1227 1875 1317 1919 dixi
1334 1906 1353 1929 ‚
1389 1885 1462 1940 ras

214 1954 364 2006 tione;
396 1959 446 1994 ut
474 1943 650 1995 feferret
679 1950 807 2005 quasi
843 1962 1006 2005 corpus
1042 1950 1281 2006 Aldinum,
1321 1945 1462 2008 idque

215 2031 468 2084 suppletum
491 2035 536 2071 et
553 2027 820 2071 emendatum
842 2026 1097 2071 melioribus
1116 2028 1381 2077 lectionibus
1401 2029 1460 2074 li-

216 2105 393 2149 brorum
417 2115 516 2148 cum
535 2103 749 2148 editorum
776 2111 870 2147 tum
906 2115 1009 2147 vero
1030 2104 1078 2147 in
1100 2105 1251 2160 primis
1269 2106 1462 2162 scripto-r

212 2195 328 2230 rum.
387 2181 596 2228 Ordinem
631 2181 843 2226 librorum
881 2181 1221 2238 stephanianum
1251 2186 1458 2241 servavif·

215 2271 308 2308 non
331 2270 383 2305 ut
411 2259 575 2322 bonum
601 2259 679 2303 sed
701 2268 750 2302 ut
777 2258 944 2304 Aldino
984 2260 1105 2304 haud·
1129 2261 1378 2307 deteriorem
1409 2270 1462 2314 ee

216 2339 510 2394 exemplorum
524 2337 776 2392 <frequentia
795 2350 847 2383 ac
868 2341 1077 2394 temporis
1100 2339 1454 2384 diuturnitatem!

213 2415 450 2471 legentium
475 2428 603 2460 usum
623 2417 995 2461 accommodatum
1024 2425 1068 2461 et
1091 2417 1453 2467 commandatum-

215 2491 360 2540 Facile
381 2505 484 2538 sane
502 2504 592 2539 erat
610 2504 776 2541 novum
797 2493 999 2542 inducere
1017 2494 1208 2546 ordinas
1226 2492 1362 2549 magis
1381 2502 1460 2536 ex-

245 2583 251 2586 ’
682 2592 686 2595 ·
1306 2577 1455 2620 fletum
