1624 3016
352 134 623 186 VITAD.
661 135 1111 184 RUHNKENII.
1242 141 1355 199 6⁸6

132 271 232 315 me,
275 268 325 305 ut
353 270 426 304 aut
455 259 551 305 otio
582 272 629 304 se
659 270 733 307 aut
774 272 930 305 somno
966 260 1134 305 relicere
1166 261 1367 307 debeet-

119 337 284 392 ‚otium
310 337 517 382 referebat
545 350 636 384 non
673 338 727 381 ad
755 337 937 381 aliorum
967 339 1192 383 lectionem
1218 338 1363 385 libro,

130 426 224 458 rum
260 415 509 459 recentioris
545 414 709 470 generis
754 413 1020 468 saeculiquez
1060 427 1157 459 nam
1198 417 1353 462 oculo·

129 501 398 548 mentemque
420 505 497 547 per
518 492 639 537 illum
669 502 827 535 annum
850 490 958 534 eolis
981 491 1174 547 antiquis
1198 503 1356 540 conee-

127 577 318 615 eraverat
359 568 611 614 codicibus:
655 567 731 611 sed
764 567 818 611 ad
852 567 1066 613 liberalem
1103 569 1356 613 oblectatio·

131 659 257 702 nem,
295 645 585 702 cognitionem
630 643 781 697 urbis,
834 643 1088 697 hominnm,
1132 656 1359 700 rerumque

131 723 484 769 memorabilium.
524 720 707 765 Memini
723 732 819 764 eum
840 720 1026 766 subinde
1045 721 1090 765 in
1114 720 1232 766 illiue
1254 731 1360 765 tcm-

132 800 251 856 poris
294 797 537 845 memoriam
580 798 742 851 redire,
782 810 830 841 ac
866 796 1047 842 libenter
1088 797 1362 852 suaviterque

131 874 182 918 de
219 885 270 918 eo
303 884 467 917 mecum
504 871 803 926 confabulari,
843 883 942 917 cum
989 884 1055 917 me
1087 873 1141 918 ad
1173 875 1361 918 umdem

132 961 301 1005 operam
337 946 803 1004 peregrinationemque
832 946 1064 993 faciendam
1100 948 1359 993 hortaretur.

130 1026 326 1081 Nullus,
342 1027 511 1084 ajebat,
532 1027 575 1070 in
602 1035 698 1070 toto
721 1034 927 1069 terrarum
954 1025 1058 1070 orbe
1079 1025 1233 1078 locut,
1256 1024 1359 1069 item

133 1116 184 1151 ut
223 1105 425 1161 Lutetia,
465 1116 566 1149 cum
608 1102 797 1147 abundat
830 1101 949 1147 omni
981 1101 1172 1147 omnium
1203 1099 1362 1147 artium

135 1182 507 1236 doctrinarumque
539 1180 709 1224 materia
742 1190 784 1224 et
813 1180 1142 1236 suppellectile,
1173 1191 1265 1224 tum
1289 1180 1365 1224 ad·

130 1258 230 1305 fluit
251 1257 527 1304 omniomnis
551 1257 716 1312 generis
737 1258 1009 1312 voluptatum
1033 1256 1364 1312 deliciarumque

130 1335 438 1382 instrumento.
510 1334 580 1380 Ne
616 1334 754 1380 dicam
793 1335 845 1379 de
874 1334 1119 1390 ingentibus
1144 1333 1362 1379 aedificio·

127 1423 227 1457 rum
272 1409 479 1466 operibus
497 1438 515 1462 ,
567 1408 760 1455 basilicis
779 1439 796 1464 ,
843 1409 1045 1464 templia,
1091 1408 1363 1466 gymnuiia,

130 1487 406 1546 porticibus,
436 1486 647 1539 thutrie,
686 1485 1084 1540 ambulationibus,
1122 1486 1250 1539 aliia,
1288 1497 1362 1529 eo-

129 1576 314 1620 rumque
345 1572 387 1608 et
422 1562 734 1619 magnificentia
767 1575 811 1608 et
850 1563 1149 1609 multitudinez
1182 1563 1367 1608 confluit

52 1677 58 1682 ,
128 1643 178 1688 ln
210 1654 299 1687 enm
342 1641 489 1686 urbem
527 1641 740 1695 quidquid
773 1650 815 1684 et
850 1650 939 1686 arte
973 1641 1080 1687 effici
1119 1652 1160 1685 et
1190 1641 1363 1694 iugenio

130 1717 366 1775 excogitari
413 1726 560 1772 potest
580 1747 598 1771 ‚
637 1729 736 1761 cum
783 1717 837 1761 ad
873 1717 1138 1763 deliniendos
1183 1718 1370 1773 oculor,

129 1803 224 1843 tum
258 1794 311 1838 ad
342 1793 617 1843 oblectandae
642 1806 795 1847 aures,
826 1802 919 1840 tum
956 1795 1009 1839 ad
1043 1795 1236 1849 reliquos
1270 1804 1370 1838 sen·

135 1885 215 1918 sus
236 1872 471 1918 titillandos
509 1884 558 1918 ac
591 1872 863 1918 mulcendos.
920 1871 1057 1929 Igitur
1083 1882 1125 1915 et
1148 1872 1371 1916 doctrinae

135 1951 364 1997 studiosus
400 1950 552 2004 habet,
591 1962 681 2013 quo
711 1950 967 2002 descendat,
1006 1949 1214 2003 placando
1242 1948 1370 2003 genio

134 2027 364 2073 honestum
389 2025 716 2071 diverticulum=
740 2035 782 2069 et
806 2025 1077 2080 voluptarius
1098 2025 1253 2078 habet,
1280 2037 1370 2079 quo

135 2117 183 2154 se
205 2105 231 2148 ὲ
257 2103 477 2149 Sirenibus
496 2104 549 2149 ad
575 2102 729 2148 Musas
759 2103 957 2155 attollat,
988 2112 1283 2157 opportunum
1304 2114 1369 2146 re-

136 2181 436 2236 ceptaculumt
468 2179 742 2235 cerniturque
771 2180 880 2224 illud
913 2178 959 2224 in
996 2191 1162 2225 morum
1194 2179 1373 2223 diversi·

137 2265 223 2303 tate
258 2264 659 2311 temperamentum,
700 2265 749 2298 ut
784 2267 862 2299 nec
895 2255 1115 2300 doctrinae
1146 2256 1372 2300 studiosus

135 2333 272 2387 rigida
294 2332 539 2378 austeritate
569 2333 766 2388 horreat,
797 2334 872 2379 sed
894 2333 1045 2378 habeat
1065 2335 1248 2388 aliquem
1270 2346 1375 2379 eua-

139 2410 284 2455 vitatis
312 2421 355 2455 et
389 2411 607 2457 comitatis
642 2411 855 2461 nitorem:
889 2424 967 2456 nec
1005 2411 1277 2467 voluptarius
1311 2424 1378 2456 re·

137 2487 279 2536 doleat
310 2489 423 2538 vitae
460 2501 561 2537 suae
594 2488 730 2538 labem
745 2519 764 2547 ‚
794 2490 871 2537 sed
903 2498 1021 2546 gerat
1053 2489 1237 2547 aliquem
1263 2489 1379 2538 haud

784 2564 871 2626 09
907 2579 935 2623 5
1279 2565 1380 2611 alie-
