1624 3016
291 173 647 223 PLUTARCHI
673 172 1013 224 MORAan
1048 173 1151 223 Vol.
1174 174 1214 222 1.
1280 176 1368 231 23⁵,

130 309 212 347 me
234 311 324 346 non
346 299 582 357 poeniteret
603 309 814 356 quantum
835 312 1157 357 promoverem,
1179 300 1264 346 hoc
1280 311 1372 347 non

143 386 309 421 tantum
332 386 422 422 erat
442 386 491 421 ut
510 378 718 422 brevitate
734 376 942 432 temporis
961 377 1270 433 exspectationi
1290 377 1372 422 ho-

127 454 304 517 minum
326 453 545 499 Plutarchi
564 453 703 499 nostri
725 453 1020 499 studiosorum
1054 452 1367 508 satisfacerems

141 531 182 576 ei
215 532 385 586 quidem
415 532 655 588 expositam
685 531 732 575 in
768 529 1034 576 Bibliotheca
1054 530 1218 576 Critica
1240 531 1370 576 insti»-

138 620 359 666 tutamque
387 610 589 656 rationem
621 619 790 664 tenere,
818 618 861 654 et
887 610 1289 655 Animadversiones
1310 612 1365 656 ad

138 698 277 731 rerum
314 686 629 739 verborumque
668 684 1057 741 interpretationem
1097 698 1365 743 comparatas

139 765 270 810 simul
295 775 395 808 cum
421 762 596 818 scriptis
619 761 869 818 Plutarchi,
899 762 1051 818 iisque.
1066 764 1221 818 quavis
1244 764 1367 821 pagi·

136 852 192 885 na
229 839 472 896 subjectae,
512 838 632 882 edere
663 838 833 883 vellem.
915 837 1101 883 Verebar
1143 840 1269 884 etiam
1310 852 1366 885 ne

134 916 301 963 diutius
337 910 566 973 differenda
599 915 787 962 editione
827 927 966 962 vanua
1009 918 1064 960 ad
1109 917 1366 971 promitten-

135 993 237 1038 dum
266 1002 309 1038 et
342 993 465 1050 piger
496 994 549 1038 ad
573 992 835 1038 efficiendum
856 992 1048 1048 viderer;
1077 1002 1153 1036 aut
1179 992 1363 1049 potius,

133 1071 369 1116 ne-dudum
394 1079 646 1125 susceptam.
670 1070 870 1115 vanitatis
897 1079 940 1115 et
962 1069 1160 1127 pigritiae
1190 1069 1366 1127 opinio-

130 1159 224 1193 nem
259 1160 468 1204 augerem.
550 1147 664 1190 Dum
712 1160 792 1204 ego
834 1148 879 1192 in
914 1147 1142 1194 Plutarcho
1178 1149 1360 1205 haereo,

127 1238 255 1278 ecce,
295 1226 400 1269 duae
434 1225 553 1272 illius
594 1225 833 1278 editiones,
877 1235 982 1281 post
1022 1238 1155 1271 meam
1190 1226 1365 1273 inatitul

125 1313 330 1358 coeptae,
359 1302 434 1346 diu
465 1312 563 1347 ante
600 1314 687 1347 eam
721 1304 918 1357 evolant,
949 1304 1063 1348 levea
1100 1316 1203 1348 aane
1226 1316 1275 1348 ac
1299 1312 1364 1349 te·

126 1370 263 1435 niues,
293 1381 369 1443 ¹sed
394 1381 600 1436 imperitis
624 1380 859 1426 vendibiles
882 1380 927 1425 in
950 1379 1204 1426 Germania:
1227 1381 1358 1426 altera

126 1468 407 1511 uersari,
435 1467 533 1501 ante
568 1456 651 1501 hoa
684 1456 841 1512 viginti
874 1468 1038 1502 annosa
1069 1446 1226 1510 altera,
1256 1458 1358 1503 hine

70 1547 73 1549 ’
124 1546 262 1589 nuper
283 1534 489 1589 repetita,
523 1547 648 1589 quam
674 1547 763 1579 non
788 1534 896 1580 vidi.
937 1534 1243 1579 Admonitorea
1269 1538 1358 1580 aol-

123 1611 252 1656 vendi
284 1611 472 1657 nominis
506 1610 753 1667 frequentes
784 1613 972 1659 aderant.
1031 1611 1210 1670 Quibus
1234 1613 1271 1657 si
1292 1614 1360 1659 di·

121 1697 290 1740 cerem,
321 1688 440 1743 quod
459 1700 557 1734 vere
578 1688 796 1743 dicebam,
829 1689 1022 1734 nondum
1048 1688 1180 1744 mihi,
1210 1701 1361 1744 quam-

126 1766 197 1811 via
238 1767 323 1812 hoc
361 1768 512 1812 sedulo
544 1768 712 1825 agenti,
755 1770 898 1813 omnia
929 1758 1141 1815 instructa
1171 1781 1268 1814 esse
1305 1772 1360 1817 ad

125 1843 354 1889 editionem
377 1857 461 1900 qua
490 1854 532 1890 et
553 1845 704 1901 peritis
725 1853 767 1889 et
789 1844 884 1900 ipse
905 1844 1010 1889 mihi
1037 1843 1356 1900 satisfacerem,

123 1922 292 1969 difficile
314 1933 401 1968 erat
423 1924 532 1968 hanc
562 1924 778 1980 plerisque
809 1925 1125 1970 excusationem
1157 1925 1355 1981 probare.

121 2001 255 2046 Erant
277 2011 319 2044 et
342 2002 517 2067 publice
539 2010 582 2045 et
605 2002 835 2057 privatim,
866 2002 943 2058 qui
972 2000 1122 2045 festivi
1143 2014 1239 2046 ease
1267 2003 1358 2047 vel-

119 2077 239 2131 lent,
283 2086 326 2121 et
368 2078 443 2122 has
491 2086 679 2128 aeternas
725 2090 867 2123 moras
911 2078 1103 2123 dicteriis
1136 2088 1357 2134 petet-enta

123 2164 236 2207 quos
262 2144 454 2207 equidem
472 2183 489 2206 ,
530 2163 578 2197 ut
611 2153 664 2197 ab
699 2163 894 2198 accurata
927 2154 1125 2199 doctrina
1154 2155 1281 2199 rudes
1311 2163 1356 2199 et

122 2242 303 2275 mearum
338 2230 552 2275 rationum
583 2231 788 2288 ignaros,
815 2231 1156 2276 contemnebam.
1216 2231 1354 2275 Erant

119 2309 225 2353 boni
257 2318 300 2365 et
329 2309 447 2353 docti
483 2309 595 2363 viri,
625 2308 701 2364 qui
737 2321 804 2352 me
837 2308 1109 2353 hortarentur
1132 2316 1179 2351 ut
1200 2319 1249 2352 ea
1271 2309 1360 2352 aal-

118 2393 205 2428 tem
238 2386 376 2429 darem
407 2397 515 2438 quae
534 2385 619 2441 jam
651 2396 798 2440 parata
829 2383 1053 2438 haberem,
1082 2385 1247 2439 reliqua
1267 2383 1356 2429 alio

119 2475 311 2519 tempore
340 2464 386 2507 in
419 2465 548 2508 altera
582 2463 772 2509 editione
793 2464 1001 2522 adderem.
1061 2464 1251 2508 Alteram
1278 2475 1354 2507 ve·

121 2536 200 2598 ro,
241 2542 447 2600 inquam,
489 2541 719 2588 editionem
762 2539 1012 2593 Plutarchi!
1081 2538 1231 2587 Valeat
1271 2539 1356 2583 ista

471 2626 474 2629 ’
1278 2626 1357 2659 tte·
