1624 3016
193 159 197 162 ·
245 130 493 183 ARTmM
518 128 909 180 PROCREATR.
937 130 1023 181 m·
1045 130 1179 183 PAR.
1241 127 1335 190 [51

109 258 330 314 exempla!
371 269 511 314 neque
541 261 634 304 Vos
679 258 900 314 popularis
943 258 1114 306 vanitas
1141 258 1335 307 auferata

106 346 243 389 neque
292 334 387 379 Vos
428 346 591 380 summa
644 335 794 393 omnia·
827 346 1090 380 consecutos
1130 338 1338 392 putetis,

108 422 275 464 quum,
320 419 425 464 post
453 412 632 455 decursa
669 411 994 466 disciplinarum*
1028 413 1192 466 stadia,
1233 414 1342 458 titu-

111 488 202 533 ium
237 499 278 533 et
309 490 432 535 inane
461 503 617 535 nomen
649 488 830 534 honoria
859 494 1036 535 domum
1060 493 1343 546 reparaveri-

108 565 184 609 tis.
244 565 526 622 Numquam,
557 563 785 621 profecto,
826 564 1014 620 Maiores
1049 564 1198 610 Vestri
1230 568 1339 613 hanc

106 642 436 700 Rempublicam
470 644 523 689 ad
557 640 723 687 tantuin
753 641 971 696 fastigium
1000 643 1271 699 evenissent,
1299 645 1343 689 ai

109 721 295 776 speciem
331 730 372 764 et
415 719 662 775 opinionem
696 719 846 775 potius
890 731 1018 774 quam
1049 721 1267 766 veritatem
1298 733 1343 768 et

109 798 311 842 virtutem
354 796 490 841 secuti
531 795 732 843 fuissent.
811 794 945 852 Hoc,
985 796 1079 842 Vos
1114 799 1343 855 Juvenes,

114 873 327 928 quotidie.
345 874 570 931 cogitate,
606 886 707 919 cum
750 877 900 921 omnen
932 874 1118 930 Batavi,
1161 887 1251 920 tum
1296 879 1345 924 in

113 951 268 1007 primi·
289 953 736 1009 Amstelodamenses,
767 966 858 1009 quo
892 954 1029 1011 magis
1059 955 1161 1002 haec
1188 956 1345 1003 civitas

115 1030 390 1086 praecipuum
421 1029 555 1087 Belgii
580 1031 797 1075 Foederati
819 1031 1020 1077 columen
1052 1042 1119 1077 ent
1154 1046 1204 1077 ac
1230 1047 1351 1089 prae·

117 1107 297 1154 sidium.
342 1109 485 1165 Cujus
509 1110 680 1164 quidem
706 1109 764 1153 rei
788 1122 941 1154 caussa
961 1110 1097 1156 Deum
1119 1111 1350 1167 Optimum

117 1183 358 1229 Maximum
382 1184 607 1240 conceptis
645 1185 833 1241 imploro
867 1186 1040 1233 verbiu
1104 1218 1133 1242 ‚,
1164 1188 1206 1233 T
1209 1201 1238 1233 u
1270 1189 1353 1247 igi-

122 1293 153 1319 „
180 1272 280 1317 tur,
322 1263 470 1317 Deus,
510 1262 714 1319 Optime,
754 1261 971 1318 Maxime,
1003 1266 1351 1322 quandoquidem

124 1373 153 1398 ,‚
179 1341 362 1398 vestigia
393 1341 715 1399 gubernationis
748 1351 846 1387 tuae
875 1343 1040 1397 adoro,
1070 1345 1189 1399 quod
1218 1358 1271 1390 ex
1302 1346 1358 1391 li·

123 1450 153 1475 „
180 1420 277 1463 bera
317 1431 383 1463 me
420 1418 557 1476 patria
594 1418 640 1464 in
675 1418 850 1464 liberam
883 1420 1060 1476 patriam
1093 1422 1352 1477 traduxisti,

121 1530 152 1557 ,‚
181 1502 386 1556 quodque
422 1499 692 1557 disciplinam
737 1501 846 1545 mihi
893 1502 1110 1547 tradidisti
1155 1503 1357 1550 Philoso-

126 1607 156 1633 „
185 1577 338 1633 phiae,
370 1590 479 1633 quae
507 1587 549 1622 et
584 1579 756 1624 alumna
782 1589 850 1623 cst
882 1579 1124 1634 libertatis,
1154 1590 1198 1626 ct
1228 1582 1355 1627 altrix

129 1685 160 1710 „
185 1653 392 1709 virtutis,
422 1652 567 1707 faxis,
598 1655 681 1699 hoc
720 1666 878 1700 munus
908 1667 962 1700 ex
985 1654 1085 1699 Tua
1109 1667 1248 1712 geram
1275 1669 1357 1703 vo-

127 1760 157 1786 „
184 1730 371 1776 luntatei
430 1730 564 1788 Quod
596 1731 633 1775 si
662 1744 686 1775 a
718 1731 862 1787 primo
889 1731 1131 1777 studiorum
1164 1746 1356 1778 meorum

130 1837 159 1862 „
186 1807 379 1861 ingressu
408 1804 654 1850 felicitatem
688 1818 855 1862 semper
890 1806 938 1853 in
967 1807 1162 1853 doctrina
1194 1819 1237 1853 et
1269 1810 1360 1854 vir-

127 1914 156 1938 „
184 1892 278 1928 tute
310 1884 468 1941 posui:
499 1884 619 1939 quod
643 1886 682 1928 si
700 1885 847 1929 eodem
879 1885 1023 1929 animo
1046 1885 1129 1930 boc
1153 1897 1313 1931 munus
1332 1899 1359 1931 a

131 1994 159 2018 „
187 1962 349 2009 Patriae
378 1962 579 2007 Patribus
610 1963 810 2017 suscepi:
844 1963 964 2018 quod
994 1964 1032 2006 si
1064 1963 1250 2018 denique
1281 1977 1362 2020 pet

132 2071 161 2097 „
188 2041 296 2085 hanc
328 2039 467 2096 ipsam
501 2038 734 2083 orationem
766 2048 808 2083 et
845 2039 979 2084 menti
1011 2052 1125 2084 meae
1155 2042 1362 2088 sanctim

132 2150 162 2175 „
191 2130 234 2163 et
254 2118 395 2163 verbis
422 2117 574 2161 veritas
595 2116 820 2171 constitit3
844 2129 1029 2172 precor,
1058 2117 1160 2162 duis
1182 2132 1364 2175 prospe·

133 2230 162 2254 „
192 2212 285 2243 rum
314 2198 419 2243 meis
447 2197 647 2242 consiliis
679 2197 870 2242 exitum!
929 2199 1085 2253 Faxis,
1114 2212 1190 2255 per
1216 2201 1369 2247 Philo·

136 2307 164 2330 „
193 2276 317 2332 phiae
343 2283 566 2330 praecepta
597 2286 650 2318 ex
692 2273 909 2318 mentibus
938 2274 1155 2331 Juvenum
1192 2289 1365 2331 proero-

136 2385 166 2413 ,‚
194 2363 287 2399 scat
318 2351 541 2406 doctrina,
586 2363 694 2421 quae
725 2350 859 2395 firmis
894 2351 993 2396 nixa
1026 2351 1241 2397 radicibus
1269 2352 1365 2397 frn-

1218 2438 1368 2488 „ctus
