1624 3016
253 155 342 203 20⁶
452 149 685 200 ORATIO
716 149 797 198 nn
827 150 1307 211 commeneus

250 275 390 320 Stoici
419 275 622 327 quidem,
649 287 748 316 curn
783 285 857 327 per
885 286 1005 316 suam
1029 275 1296 335 disciplinam
1322 277 1485 323 aditum

250 340 307 396 ad
333 347 582 405 sapientiam
621 358 765 404 patere
797 349 1014 403 dicerent,
1045 362 1171 404 quarn
1193 353 1348 407 siquis
1372 366 1488 399 tene·

254 437 350 482 ret,
384 427 491 470 idem
517 426 700 480 batus,
729 425 878 476 dives,
909 425 1120 481 pulcher,
1152 439 1223 471 rex
1246 439 1384 486 esset;
1415 432 1485 476 his

251 505 466 564 jactandis
499 503 725 559 promissis
760 502 1023 557 efficiebant,
1068 513 1117 548 ut
1149 505 1201 548 sd
1231 517 1307 550 sua
1346 517 1487 551 castra

254 583 384 632 multi
407 594 453 625 se
473 581 737 626 conferrent.
794 581 999 637 Epicurei
1033 595 1086 627 eo
1114 584 1231 638 quod
1250 595 1397 628 eorum
1421 597 1487 628 ra-

251 659 319 705 tio
355 658 577 703 hominum
617 657 901 703 imbecillitati
933 659 1253 703 accommodata
1285 671 1379 703 esse
1420 659 1486 704 vi-

250 738 449 791 deretur,
467 746 507 779 et
531 734 710 780 blandae
734 734 973 791 voluptatis
1001 734 1211 779 illecebris
1226 766 1244 789 ,
1273 735 1488 791 plurimos

251 815 307 857 ad
329 825 375 857 se
395 812 656 856 alliciebant.
717 810 802 855 Sed
825 819 1066 866 praeterea,
1097 813 1376 866 quantumvis
1400 812 1486 859 hoe

249 888 435 946 neglecti
474 888 619 932 cultus
652 887 812 931 vitium·
845 887 1041 942 utrisque
1073 888 1206 944 objici
1234 901 1367 943 posse
1394 901 1486 934 non

245 967 453 1020 diffitear,
474 966 560 1010 hoc
580 975 722 1009 tamen
744 964 797 1007 de
816 963 982 1019 vulgari
1006 975 1154 1009 eorum
1174 965 1302 1010 turba
1324 965 1487 1009 solum·

247 1045 381 1091 modo
405 1043 516 1088 valet
530 1054 654 1097 ;nam
669 1041 867 1085 meliores
891 1039 1062 1096 quidem
1083 1041 1190 1086 adeo
1210 1053 1300 1086 non
1323 1041 1376 1086 ab
1400 1043 1486 1086 ele-

246 1124 415 1181 gantiae
435 1119 583 1165 studio
614 1118 767 1163 remoti
801 1115 1007 1172 fuerunt,
1039 1127 1089 1162 ut
1111 1118 1261 1173 potius
1291 1130 1346 1163 eo
1371 1119 1487 1166 haud

247 1197 518 1243 mediocriter
537 1194 699 1242 exculti
724 1194 955 1251 ornatique
977 1206 1139 1241 essent.
1198 1194 1351 1241 Solum
1375 1195 1487 1240 scri·

244 1274 375 1319 bcndi
389 1285 523 1330 genus
542 1285 688 1317 eorum
702 1284 792 1317 non
814 1282 902 1316 erat
922 1282 1010 1317 arte
1031 1272 1195 1319 factum
1210 1281 1316 1327 ,aut
1335 1272 1488 1321 leniter

247 1351 404 1404 fluens,
418 1349 742 1395 autluminibus
764 1348 970 1404 frequens
984 1380 1001 1403 ‚
1015 1351 1090 1396 sed
1106 1351 1288 1406 simplex
1299 1380 1316 1404 ,
1329 1360 1488 1406 purum

243 1439 505 1482 castumque
518 1458 533 1481 ‚
547 1427 673 1481 quale
693 1414 763 1469 'vel
783 1425 996 1480 hodieque
1018 1426 1063 1471 in
1084 1425 1334 1482 fragmentis
1346 1426 1491 1470 Zeno·

245 1508 346 1561 nis,
371 1505 642 1562 Chrysippi,
672 1514 715 1549 et
739 1504 920 1561 Epicuri
943 1506 1227 1562 conspicitur.
1288 1505 1487 1560 Denique

243 1594 481 1640 supersunt
513 1594 817 1638 monumenta,
842 1597 951 1639 quae
985 1585 1159 1639 utrique
1193 1584 1374 1628 Scholae
1401 1585 1488 1629 ele-

241 1660 412 1720 gantiae
433 1662 595 1704 laudem
621 1659 910 1708 efficacissime
930 1658 1177 1713 vindicent,
1207 1659 1372 1703 Stoicis
1406 1661 1484 1704 Sc·

242 1754 381 1796 neca,
400 1740 628 1796 Epicureis
652 1752 751 1783 cum
776 1739 878 1794 alii,
908 1749 1002 1784 tum
1027 1740 1262 1786 Lucretius
1278 1773 1294 1796 ,
1326 1741 1487 1786 Lucia-

241 1831 362 1873 nus,
390 1831 440 1862 ac
472 1818 632 1862 Celsus
664 1817 766 1870 ille,
796 1826 948 1862 contra
980 1831 1106 1873 quem
1130 1818 1310 1873 scripsit
1332 1818 1489 1876 Orige-
1565 1830 1571 1837 ·

242 1890 342 1942 nes.
401 1895 484 1938 Sed
504 1907 594 1939 non
619 1904 683 1938 est
707 1893 937 1949 profecto,
969 1898 1090 1950 quod
1122 1895 1319 1941 horridae
1350 1897 1488 1954 hispi-

240 1974 408 2028 ducque
435 1971 739 2026 Philosophiae
771 1974 961 2028 exempla
997 1972 1041 2017 in
1073 1982 1263 2017 veterum
1297 1974 1489 2018 nonnul-

239 2053 300 2098 lis
323 2051 570 2106 culpemus.
629 2049 726 2092 Heu
745 2049 756 2092 ξ
789 2059 938 2093 nostra
959 2059 1093 2094 aetate
1127 2062 1255 2105 quam
1278 2030 1384 2094 sunt
1405 2050 1488 2094 oh·-

242 2131 341 2183 via‚
363 2139 489 2184 quam
512 2127 736 2171 incurrunt
751 2125 796 2170 in
815 2126 1000 2171 oculos!
1026 2134 1174 2172 nostra
1198 2135 1360 2180 aetate,
1375 2138 1489 2182 quae

241 2205 506 2251 feracissima
528 2203 616 2248 fuit
644 2217 791 2247 eorum
818 2203 1073 2259 hominum,
1104 2205 1181 2260 qui
1207 2217 1255 2248 se
1283 2204 1488 2268 Philosto-

241 2286 359 2342 phos
381 2283 595 2336 dicerent,
619 2291 692 2336 et,
726 2291 930 2336 tanquam
957 2281 1190 2337 sapientiae
1222 2282 1486 2337 involucro,

242 2357 482 2403 disserendi
525 2357 720 2400 barba-rie
750 2366 881 2411 atque
915 2357 1181 2402 obscuritate
1210 2370 1258 2401 se
1290 2358 1486 2403 involve·
1566 2402 1570 2405 .

241 2443 354 2479 rent.
411 2433 497 2478 Sed
533 2434 579 2476 hi
623 2434 796 2488 quidem
835 2446 934 2476 cum
964 2434 1229 2488 aliquamdiu
1260 2435 1486 2480 hominum

240 2510 388 2563 studia
424 2512 694 2567 tenuissent,
724 2523 874 2556 eorum
905 2511 1107 2568 scilicet,
1139 2513 1217 2569 qui
1251 2513 1357 2570 quid
1389 2514 1491 2567 pul-

1330 2591 1485 2638 chrum
1560 2591 1563 2600 '
