1624 3016
390 136 624 192 »tm-os.
654 137 795 188 CUM
821 134 1127 187 er'rERtS.
1306 146 1395 196 ιιι

143 264 330 314 undavit.
364 296 365 301 ,
387 266 506 314 Dion
531 277 664 320 vero,
693 264 886 311 Platonis
924 266 1225 320 obtemperans
1246 260 1399 330 consp

146 345 247 400 liis,
279 345 460 390 maxima
483 344 661 390 fortuna
692 344 956 400 Dionysium
979 342 1147 400 expulit
1180 342 1395 393 Siciliam

149 436 236 479 que
261 423 475 470 liberavit.
542 422 697 476 Neque
729 420 988 465 Aristoteles
1026 418 1280 475 Categoria's
1317 426 1399 470 aut

144 498 319 557 Topica
354 501 598 547 Alexandro
623 498 851 543 ediscenda
887 497 1034 551 dedit3
1069 497 1143 539 sed
1173 496 1228 540 de
1256 495 1402 546 virtu·

145 587 215 634 te,
244 580 297 624 de
329 578 460 624 animi
483 574 812 631 magnitudine,
842 574 896 618 de
920 569 1140 628 republica
1159 571 1405 627 gubernan-

145 655 200 700 da
227 655 459 710 disseruit3
488 663 532 699 et
571 647 781 707 exemplis
797 681 816 705 ‚
845 659 899 697 ex
926 648 1075 695 Poetis
1099 649 1308 704 omnique
1331 648 1399 693 hi·

147 731 284 779 storia
311 731 552 784 decumis,
594 742 684 775 eam
723 739 863 774 rerum
894 726 1123 774 humilium
1154 726 1396 797 despicien-

145 809 278 863 tiam,
315 820 414 854 eum
445 820 693 864 magnarum
735 807 1091 864 excelmumque
1131 820 1316 853 :moi-em
1352 808 1397 856 ei

143 886 427 943 ingeneravit,
470 899 560 942 quo
594 895 736 931 totum
772 895 977 931 terrarum
1008 886 1155 931 orbem
1194 887 1397 942 domuit,

141 970 188 1005 et
216 962 449 1007 litterarum
487 962 856 1017 humanitatisque
901 963 1040 1007 lucem
1079 962 1126 1008 in
1157 962 1399 1009 remotissi-

143 1051 233 1084 mas
264 1039 537 1086 barbarorum
569 1039 742 1086 diffudit
773 1049 940 1096 gentes.
997 1039 1143 1100 Quare
1170 1050 1392 1087 teneamu-

142 1116 257 1171 hoc,
289 1118 349 1163 H.
377 1118 438 1163 H.
463 1118 520 1165 A.
543 1118 632 1171 A„
664 1108 972 1174 Philosophiae
1006 1118 1213 1165 subtilem
1244 1130 1390 1167 terum

140 1193 478 1251 intelligibilium
501 1194 824 1252 cognitionem,
857 1194 994 1239 veluti
1030 1193 1384 1252 fundamentum,

141 1271 236 1316 sine
259 1285 349 1327 quo
373 1273 611 1319 consistere
637 1282 822 1327 nequeat
838 1301 855 1326 ‚
884 1284 980 1317 esse
1001 1272 1276 1330 subiectum
1307 1272 1389 1320 ced

141 1360 193 1395 ut
224 1362 381 1396 nomen
411 1362 538 1396 suum
570 1350 800 1404 absolvat,
845 1361 894 1396 ut
927 1351 1113 1397 humano
1147 1351 1288 1408 generi
1329 1351 1389 1398 ad

140 1425 377 1481 virtutem,
418 1429 471 1472 ad
500 1428 755 1484 sapientiam
774 1459 791 1482 ‚
820 1429 875 1473 ad
900 1429 1030 1473 vitam
1063 1429 1250 1485 denique
1280 1429 1382 1481 bea-

137 1513 223 1548 tam
256 1505 346 1550 dux
365 1496 460 1549 esse
486 1505 658 1561 possit,
689 1505 743 1549 ad
766 1505 851 1550 hoc
877 1517 980 1549 vero
1003 1504 1285 1561 experientiae
1310 1515 1381 1551 at·

137 1592 223 1638 que
243 1581 446 1627 historiae
472 1582 570 1628 luee
592 1595 709 1639 opus
741 1594 865 1636 esse,
895 1594 951 1627 ne
988 1583 1034 1628 in
1062 1582 1175 1628 vitae
1209 1583 1378 1628 ratione

134 1644 372 1713 neemia,
403 1659 483 1703 sed
504 1669 554 1704 ut
579 1659 703 1716 ipsa,
738 1672 835 1704 cum
863 1659 1028 1715 quibus
1052 1660 1261 1715 agendum
1278 1671 1374 1716 est,

134 1737 359 1782 hominum
402 1736 573 1794 ingenia
616 1747 799 1790 noscat,
840 1748 980 1792 neque
1007 1737 1146 1782 nudae
1178 1737 1373 1792 veritatis

130 1816 380 1861 austeritate
401 1816 631 1871 deterreat,
664 1816 739 1860 sed
765 1815 978 1860 suavitate
1009 1814 1167 1859 alliciat
1197 1826 1239 1860 et
1273 1815 1374 1860 reti-

126 1903 251 1948 neat3
282 1895 411 1951 quus
444 1894 675 1950 utriusque
706 1893 767 1939 rei
792 1906 920 1938 omne
949 1892 1149 1949 profecto
1180 1905 1377 1938 momen·

128 1980 222 2016 tum
247 1955 293 2015 in
311 1970 646 2027 elegantioribus
668 1971 823 2016 litteris
854 1971 1047 2027 positum
1073 1980 1158 2015 est.

183 2049 269 2101 At,
293 2047 406 2092 dicat
430 2045 530 2102 quis
552 2046 687 2100 forte,
712 2045 845 2091 fuerit
873 2057 922 2091 ut
944 2047 998 2091 ad
1016 2059 1195 2090 suavem
1221 2058 1369 2104 popu·

125 2126 341 2181 laremque
370 2124 619 2169 reddendam
645 2123 970 2179 Philosophiam
996 2124 1180 2168 multum
1214 2122 1368 2169 confe-

124 2210 220 2245 rant
247 2200 477 2257 elegantiae
500 2200 669 2255 studia;
702 2199 810 2255 quid
831 2212 933 2244 vero
952 2199 1069 2244 dicae
1092 2201 1146 2244 de
1168 2199 1362 2259 Logica,

123 2276 424 2334 Metaphysica
444 2309 461 2333 ,
501 2278 686 2333 aliisque
736 2278 1024 2324 severioribus
1070 2277 1317 2334 disciplinIs
1340 2311 1360 2335 ,

124 2354 288 2410 quibus
316 2368 414 2399 cum
449 2356 656 2412 elegantia
684 2357 749 2400 nil
783 2368 1012 2400 commune
1042 2368 1136 2401 esse
1162 2357 1363 2405 videtur?

122 2430 285 2478 Utrum
318 2431 393 2478 has
418 2445 596 2490 quoque
615 2432 876 2481 ludicrarum
907 2443 1075 2481 tuarum
1097 2436 1253 2480 artium
1285 2438 1375 2500 aci-A

1288 2525 1365 2570 111·
