1624 3016
298 166 484 220 vrrA
533 169 594 218 n.
646 163 1099 216 RUHNKENH.
1235 169 1333 228 ῃ,

78 297 289 360 initam,
319 295 429 342 iden
461 295 536 340 ille
566 295 696 340 modo
730 294 940 338 immotus
974 290 1123 347 utilit,
1152 291 1326 349 evolat,

82 379 341 425 incenditur.
401 375 575 421 Scilicet
610 376 753 419 eadem
786 382 855 417 eut
886 372 997 417 ratio
1027 381 1072 417 et
1104 372 1151 416 in
1187 382 1331 418 rerunt

81 467 233 506 natura
257 487 275 511 ‚
314 464 372 500 et.
404 453 451 498 in
498 451 871 498 conversionibus
905 462 1004 495 eum
1055 450 1330 507 singulorum

80 531 340 586 hominum,
379 539 473 574 tum
519 528 816 573 universorum
856 529 1125 585 populorum
1157 542 1171 573 ε
1216 534 1346 585 prae-'

86 618 187 656 sens
219 618 334 652 aetas
356 605 540 664 parturit
565 603 780 648 futuram:
811 616 992 649 caussae
1025 617 1196 661 rerum,
1226 618 1339 662 quae

85 684 318 741 aliquando
351 681 484 737 licut,
534 682 620 739 jaru
658 692 810 737 magua
845 692 899 727 ex
940 690 1062 737 perte
1102 693 1220 726 nuuc
1263 682 1340 726 acl-

88 773 223 818 sunr,
238 769 396 807 coeunt
417 757 619 816 paulatim
634 786 652 813 ‚
685 758 822 804 donec
843 756 991 802 ultima
1021 757 1220 812 quamvis
1246 756 1339 802 exi·

89 853 175 898 gua
215 838 469 892 accedente,
509 843 715 882 uumerus
747 847 1033 892 mensuraque
1072 848 1215 880 earum
1262 846 1340 880 ex-

89 916 254 972 pletur,
287 923 328 958 et
366 911 545 958 effectus
587 912 632 957 in
667 913 808 958 lucem
842 910 1057 968 proditur.
1108 910 1256 956 Veluti
1292 912 1341 956 iu

89 992 259 1049 populo
292 990 451 1035 sensim
489 987 757 1046 colliguntur
779 985 1076 1043 offensiones,
1108 988 1235 1044 odia,
1255 985 1342 1033 ini·

90 1067 303 1114 micitlae‘z
350 1076 443 1111 rum
477 1064 727 1120 coitiones,
768 1064 937 1121 fervor,
977 1063 1183 1122 agitatio:
1218 1063 1337 1110 deui-

93 1157 180 1200 que
209 1143 447 1189 multitudo
489 1143 672 1196 ducem,
715 1141 916 1199 quamvis
960 1142 1127 1197 levem,
1167 1152 1292 1187 nacta
1315 1171 1336 1197 ,

82 1227 284 1266 ‘veterum
330 1218 504 1262 vincula
547 1219 687 1275 legum
725 1217 985 1274 abrumpit,
1035 1230 1202 1265 summa
1239 1217 1342 1263 iunia

95 1294 279 1349 miscet,
320 1294 390 1339 vel
433 1306 589 1339 novam
626 1294 885 1351 reipublicae
924 1293 1138 1350 formam,
1178 1295 1246 1340 vel
1293 1294 1343 1340 in

95 1372 238 1416 eadem
284 1382 426 1415 novos
466 1379 655 1416 rectores
687 1373 870 1427 quaerit.
941 1372 1035 1417 Aut
1065 1372 1347 1428 quemadmo-

93 1449 198 1493 dum
231 1447 285 1491 ad
313 1446 464 1503 iugens
501 1447 592 1492 aaxi
628 1447 803 1503 pondus
827 1450 927 1493 loco
949 1449 1214 1495 movendum
1242 1450 1344 1503 plu·

91 1535 163 1569 res
186 1523 422 1580 pluresque
442 1522 644 1579 deinceps
673 1525 909 1579 accedunt,
939 1534 982 1570 et
1012 1524 1179 1570 frustra
1202 1526 1344 1570 uiten-

25 1595 29 1611 “
94 1610 163 1644 tes
197 1599 379 1643 sudantt
412 1598 548 1643 donec
581 1601 830 1647 multesimo
856 1604 1043 1658 quodam
1073 1602 1297 1646 accedente
1319 1630 1343 1655 ,

95 1675 219 1722 ecce!
243 1675 417 1732 pondus
434 1686 647 1723 movetur.
682 1680 773 1724 Aut
798 1680 947 1735 prouti
966 1679 1014 1725 in
1032 1678 1141 1724 libra
1156 1688 1344 1733 ,aequa-

93 1753 157 1799 tis
188 1752 235 1797 in
276 1762 454 1808 utraque
487 1754 609 1800 lance
637 1756 933 1812 ponderibus,
963 1755 1104 1802 adhue
1130 1764 1269 1799 statua
1295 1762 1341 1799 et

99 1829 224 1884 quies
261 1827 543 1884 intelligitur:
590 1840 633 1876 at
665 1833 847 1878 minimo
886 1835 941 1878 ad
975 1833 1146 1878 alteram
1177 1832 1342 1876 lancem

95 1904 242 1950 addito
279 1916 528 1960 momento,
569 1907 670 1953 haec
707 1910 878 1966 vergit,
920 1910 992 1955 illa
1027 1909 1212 1954 tollitur.
1244 1908 1346 1951 -Sic

101 1980 271 2036 ingenia
301 1992 479 2025 caussas
497 2011 515 2035 ‚
556 1982 718 2038 quibus
750 1985 805 2029 ad
837 1985 1034 2035 studium
1074 1986 1347 2037 excitentur,

71 2090 74 2094 .
100 2057 308 2113 paulatim
338 2068 438 2101 cum
473 2058 730 2114 concipiunt
751 2061 797 2106 in
820 2073 867 2105 se
891 2061 1034 2116 ipsis,
1062 2071 1156 2104 tum
1185 2063 1348 2105 extrin-

100 2145 227 2178 secus
259 2133 537 2188 suscipiunt,
567 2147 727 2191 easque
760 2147 811 2181 ut
841 2137 1115 2194 praegnantia
1150 2137 1343 2182 inclusas

104 2209 150 2253 iu
178 2209 278 2253 sinu
313 2211 567 2265 continent,
596 2213 733 2257 donec
772 2217 944 2270 expleto
969 2227 1110 2263 mrum
1138 2225 1346 2268 numero,

104 2285 244 2330 veluti
272 2287 431 2330 exactis
464 2287 686 2333 mensibus
719 2287 917 2345 foetum,
950 2292 1013 2335 sic
1042 2290 1236 2335 studium
1273 2302 1350 2345 pa·

107 2361 235 2405 riant.
297 2363 435 2417 lgitur
468 2364 546 2419 qui
572 2375 828 2421 opportuno
851 2367 932 2412 illo
952 2378 994 2411 et
1018 2369 1071 2413 ad
1092 2366 1345 2422 pariendum

0 2431 6 2460 ·'
70 2502 74 2506 ι
107 2448 275 2481 maturo
297 2448 512 2494 tempore,
529 2441 623 2486 sive
644 2443 830 2497 prudens
859 2444 953 2488 sive
985 2443 1263 2501 imprudens,
1289 2443 1350 2487 si·

106 2526 161 2562 ve
195 2514 280 2561 hoc
318 2515 409 2562 sive
445 2516 565 2562 aliud
590 2530 750 2575 agens,
792 2520 1043 2578 praegnanti
1078 2520 1253 2579 ingenio
1281 2520 1350 2564 vel

1297 2596 1360 2640 le-
