1624 3016
318 113 509 201 'vm-A
532 151 611 207 n.
663 149 1110 201 nun-Numa
1250 159 1385 208 ⁷⁴⁹«

109 274 391 332 eilegendurn
413 279 528 325 daret
547 304 564 330 ‚
589 274 664 320 ubi
687 275 1077 324 testemjaudasset
1095 272 1349 321 Simsonum

110 355 158 401 in
181 357 420 402 Chronico.
465 343 580 398 Huic
610 353 710 397 ille:
747 352 906 410 „Quid
927 351 1033 405 tibi,
1065 351 1234 407 inquit,
1256 363 1358 397 cum

113 432 353 481 Simsono?
379 433 491 487 ,quin
522 440 570 477 tu
604 430 726 485 ipsos
749 430 955 485 antiquos
973 430 1108 481 >lauda
1132 440 1369 483 auctores,

113 511 227 555 unde
259 522 338 553 sua
371 508 497 552 habet
529 505 793 552 Simsonus:
829 496 992 560 quibus
1030 505 1359 562 interpretandis

120 586 440 643 corrigendisve
463 583 502 628 si
528 584 566 637 is
593 583 695 627 novi
731 583 836 636 quid
859 582 1050 638 profert,
1083 593 1156 627 aut
1175 594 1359 628 veterem

117 676 296 714 errorem
318 661 508 707 nondum
532 670 653 705 antea
672 659 894 715 cognitum
916 658 1095 714 refellit,
1124 669 1270 714 potest
1293 672 1364 703 sa-

125 750 182 789 ne
199 738 447 791 memorari,
469 746 518 780 ut
542 737 641 780 item
656 734 974 790 Wesselingius
986 734 1030 778 in
1042 736 1158 779 notis
1175 736 1228 779 ad
1240 747 1366 788 eum,

122 827 174 861 ut
204 817 276 862 alii
310 814 463 860 Critici
487 845 504 868 ,
534 813 612 868 qui
650 812 800 858 critice
831 813 1070 858 Historiam
1106 823 1366 857 tractarunt:

124 892 364 959 nonjtem,
390 893 466 938 ubi
488 906 554 939 res
578 893 852 949 pervulgatus
878 890 1053 936 refert.’'
1089 891 1196 936 Erat
1229 891 1368 944 alius,

127 972 208 1026 qui
243 972 296 1016 de
333 970 527 1016 Romam
562 969 756 1015 Historia
781 979 930 1014 testem
951 969 1101 1015 citaret
1125 969 1372 1016 Rollinum.

132 1049 350 1104 „Apage,
382 1048 557 1103 inquit,
587 1047 845 1101 Romnum,
876 1048 954 1102 qui
989 1047 1208 1092 tironibus
1244 1058 1287 1091 et
1307 1047 1376 1092 in·

129 1125 271 1170 doctis
299 1125 499 1180 scripsits
524 1124 595 1168 his
618 1132 809 1179 praestat
834 1123 1059 1167 utilitatem
1079 1123 1262 1179 jucundi
1284 1135 1380 1167 nar·

128 1203 315 1257 moris,
358 1202 487 1247 nobis
519 1213 608 1246 non
651 1201 775 1246 habet
811 1200 1107 1244 auctoritatem
1144 1200 1377 1256 locupletis

131 1279 293 1324 testist
329 1281 466 1324 valeat
487 1278 616 1324 nobis
638 1278 844 1334 quisquis
870 1277 995 1323 unice
1013 1277 1150 1323 fretus
1173 1278 1379 1323 orationis

126 1355 535 1410 commendatione,
567 1365 616 1398 ut
643 1355 704 1399 ait
735 1355 838 1410 ille,

205 1471 251 1512 Id
275 1471 344 1511 sibi
365 1472 492 1521 negoti
516 1467 674 1512 credidit
699 1443 822 1511 solum
841 1471 917 1512 dari
934 1501 948 1519 ,

211 1545 366 1595 Populo
390 1551 432 1584 ut
454 1545 646 1595 placerent
667 1556 758 1596 quas
782 1546 938 1587 fecisset
962 1546 1106 1586 fabulas
1128 1544 1152 1597 (
1164 1542 1305 1596 89)'.

194 1643 514 1707 Ruhnkenius,
541 1666 631 1710 quo
653 1661 740 1699 erat
763 1652 908 1698 decori
940 1665 1101 1707 sensu,
1133 1652 1384 1710 indignaba-

139 1735 240 1785 tur,
272 1719 468 1774 homines
493 1730 597 1777 adeo
621 1729 829 1785 quosdam
857 1729 1013 1773 doctos
1041 1728 1126 1772 ista
1149 1740 1385 1773 consuetu-

142 1800 241 1853 dine
271 1807 484 1864 laborare,
515 1819 563 1853 ut
591 1801 787 1864 aliquem
811 1807 957 1852 locum
985 1817 1247 1860 tractantes,
1276 1806 1386 1850 alios

151 1897 331 1940 omnes,
362 1880 436 1941 qui
459 1897 555 1931 eum
577 1876 798 1946 tractando
818 1876 1095 1943 attigissent,
1123 1885 1297 1940 ineptos
1310 1886 1390 1928 ho·

146 1963 379 2006 munculos
415 1974 463 2006 ac
496 1971 628 2005 terrae
661 1951 776 2005 filios
793 1992 808 2013 ,
837 1961 891 2004 ad
920 1970 1064 2015 partes
1091 1971 1247 2004 vocent
1265 1992 1280 2015 ,
1309 1969 1389 2004 nec

145 2039 343 2085 dubitent
375 2039 510 2084 stellis
547 2031 747 2084 nebulam
781 2025 988 2103 spargere
1009 2034 1210 2082 candidis
1235 2038 1387 2094 (90);

150 2130 205 2162 ne
237 2116 404 2161 scilicet
443 2116 606 2171 aliquid
629 2115 852 2172 ignorasse
869 2113 1116 2158 videantur:
1151 2123 1261 2158 recte
1273 2108 1393 2171 judi·

151 2207 255 2238 cans
272 2226 289 2248 ,
332 2186 578 2239 istiusmodi
616 2194 788 2237 testium
827 2187 1028 2235 sordibus
1051 2203 1099 2234 ac
1126 2189 1269 2246 faece,
1297 2203 1392 2247 gra·

154 2270 431 2316 vissimorum
466 2269 592 2315 etiam
627 2262 924 2314 auctoritatem
946 2266 1121 2312 testium
1146 2262 1391 2318 debilitari,

1317 2341 1393 2386 iis-

202 2459 325 2512 (89)
353 2461 505 2502 Terent.
532 2462 688 2510 Prolog.
715 2459 836 2501 Andr.
858 2470 956 2499 vers.
977 2470 1018 2512 5.

205 2533 331 2582 (90)
361 2534 491 2574 Horat.
518 2535 643 2574 Carm.
672 2532 757 2579 111,
787 2541 860 2579 15,
884 2531 925 2573 6.
