1624 3016
356 143 538 199 VJTA
571 149 632 198 D.
671 150 1142 200 RUHNKENIL'
1283 161 1380 212 Μ

138 275 301 323 Ulmum
323 286 366 322 et
385 279 583 334 quintum
598 307 616 332 ,
647 289 737 331 quo
757 278 1007 324 eammdem*
1024 279 1215 326 studium
1238 279 1373 326 Grae·

139 354 208 399 cis
235 353 496 409 Latinisque
517 353 814 408 Scriptoribus
832 355 1022 411 legendis
1046 359 1180 414 repeti
1204 359 1379 404 insesso

136 430 307 486 rsrique
335 431 504 486 coepit=
537 439 580 475 et
611 430 664 474 ab
699 442 752 474 eo
784 430 884 475 inde
912 440 1106 488 tempore
1134 435 1195 480 its
1222 439 1373 489 quem-

141 519 230 563 que
256 507 468 563 populum
498 506 552 551 ad
580 505 820 550 divinarum
848 507 1212 566 humanarumque
1233 520 1374 555 rerum

139 583 392 637 seientiam,
429 590 688 636 omnemque
723 582 1012 627 doctrinarum
1047 596 1097 628 sc
1132 586 1375 633 liberalium

140 660 295 704 artium
337 659 540 705 rationem
578 656 714 713 magis
751 657 1017 712 profecisse,
1060 672 1149 714 quo
1185 663 1374 716 quisque

139 738 276 793 magis
297 735 450 781 veteris
475 733 664 779 Graecae
686 733 990 789 Romanaeque
1020 736 1233 791 originis,
1267 746 1375 781 tam-

140 824 268 869 quam
287 798 503 867 igniculos
524 820 567 854 et
591 809 753 855 semina
777 810 824 854 in
844 811 1005 856 animis
1032 811 1176 856 sbdita
1199 813 1375 858 elicuis-

139 898 207 934 set
223 900 272 933 ac
295 885 576 941 suscitasset,
605 886 659 931 sd
680 886 863 942 ejusque
884 888 1068 945 originis
1092 901 1267 934 sensum
1298 891 1375 935 bs·

141 965 365 1019 bitumque
394 974 443 1009 se
474 962 708 1008 tractandis
738 963 951 1018 Antiquis
987 964 1287 1022 scriptoribus
1308 978 1376 1011 re·

138 1040 358 1087 stituisset
390 1029 519 1094 atque
550 1038 882 1086 conformasset.
955 1039 1060 1100 Quo
1092 1041 1139 1086 iu
1175 1042 1373 1099 judicio,

138 1129 266 1162 nemo
299 1114 426 1161 facile
458 1114 684 1161 humanior
717 1115 743 1159 ὁ.
776 1115 904 1162 nobis
939 1117 1196 1164 dissentistt
1226 1128 1303 1165 aut
1335 1119 1376 1164 si

137 1194 246 1249 ,quis
266 1193 381 1238 forte
397 1190 625 1245 dissentit,
658 1191 767 1236 illud
790 1203 904 1238 certe
923 1192 1051 1239 nobis
1072 1196 1281 1240 concedat
1301 1208 1378 1241 ne-

133 1281 259 1315 eesse
281 1278 376 1320 est.
407 1267 667 1312 uberrimum
691 1279 787 1315 esse
814 1270 957 1314 omnis
994 1270 1202 1315 humanae
1223 1271 1376 1328 cogni-

134 1346 272 1392 tionis
299 1343 463 1391 fontem
487 1342 533 1389 iu
554 1343 851 1400 Antiquorum
876 1346 1084 1402 scriptis,
1117 1348 1275 1392 multas
1300 1350 1376 1394 sd·

135 1424 224 1468 huc
258 1434 482 1477 superesse
511 1419 557 1464 in
588 1422 752 1466 nostris
782 1421 997 1479 ngeniis,
1027 1423 1214 1476 mimis,
1245 1426 1378 1469 mori·

133 1499 245 1552 bus,
284 1498 530 1551 institutis,
566 1497 844 1553 disciplinis,
901 1501 1090 1556 studiis,
1137 1500 1377 1547 barbaricae

133 1575 297 1621 semina
315 1574 528 1631 originis,
551 1585 600 1618 sc
623 1574 826 1630 reliquias
849 1578 1087 1633 sordesque
1106 1578 1236 1622 medii
1255 1579 1375 1633 sevi,
1432 1625 1438 1631 ,
1531 1630 1537 1633 ,

132 1664 249 1709 ,quas
272 1651 333 1696 ita
358 1662 573 1706 quemque
596 1651 840 1698 certissime
862 1653 1103 1710 abstergere
1135 1665 1178 1699 et
1201 1656 1342 1700 eluere
1356 1685 1374 1710 ,

133 1737 185 1779 ut
217 1727 399 1772 maxime
428 1727 839 1784 diligentissimeque
870 1740 1027 1785 pectus
1056 1730 1376 1787 limpidissimis

133 1803 421 1859 Antiquarum
446 1803 690 1848 Litersrum
717 1802 917 1849 fontibus
946 1805 1201 1861 irrigaverit.
1244 1809 1370 1855 Adeo

131 1880 244 1927 illud
263 1878 433 1925 Horatii
456 1881 480 1937 (
498 1892 549 1932 1⁴
565 1879 592 1936 )
621 1881 673 1924 de
695 1879 905 1925 Romanis
924 1881 1088 1926 dictum
1105 1914 1122 1936 ,
1153 1884 1376 1942 verissime

8 1939 19 1948 ⁹
72 1974 80 1986 ·
129 1956 182 2004 in
207 1965 397 2000 nostram
419 1966 595 2013 aetatem
631 1966 865 2012 nostraque
888 1966 1112 2013 tempora,
1142 1962 1277 2006 veluti
1300 1976 1376 2008 va·

128 2032 194 2082 xis
226 2033 479 2086 oraculum,
508 2033 646 2078 valete

532 2185 607 2226 Sed
631 2187 670 2224 in
694 2186 848 2236 longum
877 2195 998 2227 tamen
1022 2197 1158 2230 sevum

258 2256 504 2303 Manserunt,
529 2255 719 2305 hodieque
744 2265 915 2304 manent,
941 2258 1099 2307 vestigia
1122 2260 1232 2302 mris.

256 2327 368 2366 Serus
394 2326 490 2365 enim
517 2325 673 2364 Graecis
698 2325 866 2367 admovit
891 2328 1062 2369 acumina
1086 2328 1237 2374 cuntis.

1279 2398 1375 2446 Aa.

134 2521 140 2530 '
188 2515 307 2568 (¹4)
335 2517 459 2568 Epist.
487 2518 557 2565 11,
587 2528 634 2566 r,
662 2528 748 2568 ¹59·
