1624 3016
187 207 550 267 tvmrffl‘cm
578 208 936 266 Monam.
966 210 1073 266 voi.
1098 222 1137 268 1.
1196 216 1291 280 ³⁸⁷

56 350 170 390 inno
197 343 308 399 1576
323 375 340 398 ,
370 335 518 388 aetatis
546 343 702 399 quinto
724 346 766 386 et
789 345 1142 401 quadragesimo,
1170 340 1286 390 mor*-

50 429 154 467 tuus
183 430 251 467 est
289 422 433 465 bonus
486 430 850 475 Χγῐ-,Ακιηιις
896 433 944 463 ut
978 420 1103 464 facile
1138 422 1194 464 sit
1229 420 1293 467 ad·

48 496 411 555 existimandum,
442 503 643 554 quantam
671 499 762 555 ejus
787 497 910 541 obitu
937 499 1144 555 jacturam
1170 491 1321 547 fece-².

49 579 138 622 rint
168 587 267 622 cum
290 579 515 622 universae
540 577 677 620 bonae
706 570 906 627 Literae,
938 584 1030 617 tum
1056 584 1156 618 vero
1186 575 1291 618 Plu-

48 655 190 699 tarchi
210 655 398 710 scripta,
419 643 666 707 interceptis
689 650 888 694 secundis
907 649 1024 694 curis
1046 662 1154 704 quas
1173 647 1291 694 haud

51 744 210 778 temere
254 739 384 788 putes
415 725 804 774 'fructuosissimas
853 725 1052 780 futuras,
1111 727 1287 784 quando

50 809 216 864 priores
260 814 387 852 curae
420 807 577 850 tantam
615 804 849 848 ubertatem
872 808 874 812 '
894 801 1288 859 abundantiamque

50 885 301 930 habuerant.
359 883 459 939 Ego
492 892 593 928 sane
624 882 662 927 si
685 882 945 939 quibusdam
972 882 1017 926 in
1043 871 1286 937 locis'plus

47 964 139 1008 vidi
172 967 532 1016 xYLANnuo,
562 959 647 1006 hoe
678 956 871 1015 magnam
911 968 1070 1016 partem
1105 959 1190 1018 ipsi
1216 959 1291 1003 do·

47 1041 126 1086 bui
163 1053 407 1087 xvnemn
422 1051 527 1093 no,
567 1038 643 1094 qui
677 1037 789 1083 viam
812 1035 865 1081 ad
887 1034 1105 1081 Plutarchi
1129 1032 1291 1080 inteili-

53 1120 235 1176 gentiam
266 1118 431 1174 primus
459 1115 646 1174 posteris
665 1113 895 1171 patefecit:
924 1110 1050 1158 debui
1073 1112 1198 1158 etiam
1224 1126 1291 1157 re-

52 1206 145 1239 rum
171 1206 356 1239 mearum
379 1191 650 1245 conditioni,
681 1203 790 1246 quae
815 1190 921 1235 mihi
956 1201 1047 1236 non
1080 1191 1286 1245 eandem,

54 1285 140 1327 qua
172 1272 245 1316 ille
271 1268 524 1324 tenebatur,
561 1267 794 1315 festinandi
826 1270 1118 1315 necessitatem
1148 1270 1292 1326 impo-

50 1350 158 1396 suit,
215 1347 559 1409 thgaunzn
594 1347 632 1392 si
667 1347 713 1392 in
736 1347 877 1391 eadem
904 1347 1153 1391 conditione
1178 1346 1292 1391 fuis·

53 1437 147 1480 set,
179 1434 345 1469 tantum
369 1420 583 1469 effecisset
602 1437 676 1479 ea,
711 1434 795 1480 qua
833 1425 1031 1478 valebat,
1063 1423 1292 1481 doctrina,

50 1511 105 1546 ut
121 1501 251 1554 ,mihi
273 1500 442 1556 quidem
468 1502 586 1555 quod
607 1502 685 1546 hac
714 1513 804 1547 mea
817 1501 1112 1546 mediocritate
1126 1503 1171 1547 in
1185 1502 1289 1546 Plu-

51 1581 203 1627 tarcho
229 1592 390 1638 agerem
417 1581 482 1625 nil
511 1580 738 1627 relicturus
771 1581 911 1627 fuisse
930 1583 1138 1628 videatur.
1179 1582 1292 1629 Cac-

52 1667 220 1717 terum,
255 1661 364 1706 aiios
389 1661 606 1707 Plutarchi
630 1663 815 1708 editores
846 1674 888 1708 et
911 1663 1162 1719 interpretes
1193 1665 1295 1708 diii.

54 1748 143 1796 go,
164 1749 341 1795 propter
359 1739 495 1783 studii
515 1738 862 1785 communionem
878 1752 1290 1787 rxvnannauu

53 1816 179 1860 etim
203 1826 329 1870 amo,
345 1822 525 1873 propter
547 1817 676 1861 animi
693 1818 787 1875 ejus
810 1818 1034 1863 candorem
1051 1850 1068 1873 ,
1098 1820 1291 1876 probita-

54 1900 170 1947 tem,
198 1887 490 1949 honestatem,
521 1906 699 1956 quarum
731 1895 944 1940 virtutum
975 1895 1199 1941 maniresta
1220 1909 1294 1941 ex-

55 1972 173 2015 stant
194 1970 349 2016 indicia
360 2000 377 2024 ,
389 1979 489 2018 eum
508 1968 553 2018 in
577 1972 754 2028 scriptis
769 1973 858 2018 ‘viri
872 2003 890 2028 ,
905 1982 997 2018 tum
1019 1975 1064 2019 in
1087 1979 1183 2019 tota*
1200 1975 1293 2031 ejus

54 2045 163 2091 vita.
195 2045 376 2090 Accedit
400 2039 747 2102 commiseratio,
773 2061 885 2104 quae
903 2062 1051 2106 saepe,
1076 2058 1123 2093 ut
1146 2051 1297 2107 aiunt,

54 2121 330 2167 conciliatrix
353 2130 419 2168 est
443 2124 618 2169 amoris.
652 2125 791 2181 Doleo
812 2127 953 2172 virum
979 2136 1063 2172 tam
1089 2128 1298 2186 doctum,

55 2207 145 2243 tam
179 2189 343 2244 Bonum
361 2228 378 2254 ,
411 2199 455 2245 in
481 2210 596 2246 tanta
623 2215 789 2260 semper
810 2203 950 2249 fuisse
981 2206 1040 2250 rei
1073 2205 1296 2253 familiaris

55 2278 282 2332 angustia,
311 2288 363 2322 ut
396 2290 449 2323 ne
477 2279 569 2335 ipse
594 2280 764 2335 quidem
786 2282 952 2339 scripto
972 2295 1059 2327 eam
1086 2284 1138 2327 ad
1157 2285 1300 2329 omni·

55 2365 129 2399 um
159 2357 360 2402 notitiam
385 2359 565 2415 prodere
590 2360 819 2408 dubitaret.
880 2361 1029 2409 Veluti
1057 2365 1102 2410 in
1130 2365 1296 2410 dedica-

54 2433 170 2479 toria
193 2435 379 2492 epistola
407 2439 460 2483 ad
493 2449 522 2483 1.
538 2450 767 2485 unovrc
783 2454 867 2487 uu
893 2442 1107 2489 Comitem
1141 2439 1300 2488 Palati·

25 2539 27 2541 ·
57 2508 192 2567 itum,
224 2522 274 2556 ut
297 2514 390 2569 ejus
421 2515 629 2561 auxilium
654 2517 886 2574 implorat,
916 2526 966 2564 ut
995 2520 1087 2575 eius
1111 2519 1317 2564 liberast-¹

52 2591 184 2660 tatem
219 2592 424 2638 omnibus
445 2593 649 2650 precibus
675 2593 897 2651 efflagitatz
930 2596 1052 2654 atqui
1086 2606 1190 2641 tunc
1220 2605 1298 2652 pet

676 2670 752 2719 Bb
792 2685 822 2717 a
1188 2683 1294 2732 qus·
