1624 3016
206 143 249 192 fl»
581 135 1069 185 EPISTOLA

208 260 515 319 elegantiarum
554 259 800 312 literarum,
845 271 1069 315 rerumque
1112 260 1363 308 Divinarum
1391 273 1437 309 ct

211 344 487 389 humanarum
514 337 710 382 scientia.
770 339 916 384 Dictio
949 341 1044 395 ejus
1072 340 1214 387 felicis
1235 352 1300 387 est
1334 344 1432 388 imi-

210 419 361 467 tatoris
401 426 619 469 veterum,
672 413 871 460 Platonis
914 416 1158 469 prnesertim
1198 430 1248 463 sc
1284 420 1442 465 Demo-

211 497 398 551 sthenis,
432 494 630 549 elegans,
676 500 814 542 tersa,
854 501 993 544 pura,
1036 499 1078 534 et
1122 491 1229 537 bene
1265 495 1442 552 Attica

216 584 358 627 neque
382 580 521 614 tamen
556 565 715 624 priscis
739 566 974 610 delectatur
1002 567 1217 622 vocibus,
1247 580 1320 615 aut
1354 572 1444 618 iuc-

212 660 337 708 ptum
359 647 528 692 affectat
547 643 825 698 Atticismum
842 673 859 696 ,
874 644 993 698 quod
1017 654 1163 690 contra
1186 644 1441 695 Crcsolliun

213 727 355 772 obiter
401 735 586 775 moneo,
629 720 707 776 qui
747 720 963 778 (Theatr.
999 721 1135 778 Soph.
1162 725 1237 770 ΙΙΙ.
1262 725 1347 781 6.)
1391 737 1448 773 ex

215 806 429 862 Gregorh
458 802 751 861 Naziqnzeno
784 798 927 854 (Stel.
956 803 990 846 1.
1027 812 1074 855 p.
1089 802 1196 854 98.)
1233 801 1275 845 id
1300 801 1446 847 voluit

213 885 516 928 demonstrare.
575 877 748 922 Scilicet
778 876 1012 922 audiendus
1046 886 1133 921 erat
1160 877 1344 923 Sanctus
1364 878 1442 924 Pa-

213 967 280 1002 ter
303 957 378 1001 ubi
414 955 600 1011 Julian}
623 953 728 997 vitia
753 950 925 1007 crepat!
967 950 1123 1006 Neque
1146 951 1355 997 id-nmen
1388 952 1447 996 si·

213 1036 258 1080 bi
281 1036 353 1080 ille
371 1035 544 1088 voluit,
576 1042 617 1076 et
637 1032 717 1076 alia
743 1031 873 1087 longe
900 1031 992 1087 eius
1027 1039 1095 1075 est
1126 1042 1275 1086 mens,
1301 1041 1451 1087 quam.

215 1113 284 1156 vis
309 1111 447 1155 eadem
474 1120 563 1154 non
592 1106 809 1152 dubitavit
840 1117 1067 1160 recoquere
1100 1104 1332 1161 Olcarlus,
1362 1106 1447 1162 (sd

189 1180 472 1233 ‘Philostraa
512 1198 558 1242 p.
581 1196 656 1229 21.
678 1193 722 1228 et
746 1185 886 1240 497.)
944 1183 1026 1228 Sed
1050 1195 1229 1228 errorem
1265 1192 1448 1228 secutus
1486 1209 1494 1220 ι

215 1276 377 1319 poenas
409 1262 555 1317 dedit,
586 1269 628 1306 et
662 1270 803 1306 totum
834 1252 1054 1315 quantum'
1073 1272 1097 1303 a
1127 1259 1196 1303 sui
1218 1260 1447 1316 scriptoris

216 1351 360 1384 mente
377 1338 603 1383 aberravit.
648 1337 808 1381 Verum
834 1337 886 1380 de
905 1335 1008 1379 stilo
1033 1332 1219 1390 Juttanr
1237 1335 1323 1378 alio
1341 1343 1452 1378 tem·
1543 1370 1547 1376 .

214 1430 323 1472 pore
341 1416 584 1462 accuratius
606 1427 729 1472 agere
751 1414 974 1460 constitui.
1001 1413 1094 1470 Jam
1118 1413 1171 1457 de
1194 1414 1287 1471 ejus
1307 1413 1448 1468 scrip·

215 1495 275 1539 tis
309 1493 409 1548 quis
442 1493 606 1536 tandem
647 1502 808 1547 praeter
831 1491 1062 1536 Petavt'um
1084 1490 1190 1534 bene
1210 1489 1296 1534 fuit
1323 1490 1450 1534 meri-

214 1570 325 1614 tus?
381 1570 632 1629 Spanhemit'
662 1568 855 1623 equidem
883 1568 1087 1613 laudibus
1119 1566 1182 1611 nil
1212 1567 1451 1612 detractum

214 1646 373 1700 velim,
419 1646 497 1701 qui
540 1657 592 1690 ex
628 1643 845 1690 Vossiano
890 1645 1039 1689 codice
1084 1656 1182 1689 cum
1225 1646 1453 1700 plerasque

215 1723 436 1780 supplevit
458 1724 634 1768 lacunas
649 1754 667 1777 ,
687 1732 779 1767 tum
807 1722 1035 1779 genuinam
1060 1722 1285 1766 lectionem
1312 1721 1452 1777 pluri-

217 1798 303 1844 bus
339 1797 449 1844 locis
486 1800 707 1854 restituit,
740 1809 832 1843 tum
869 1799 1053 1854 denique
1085 1799 1261 1855 primam
1295 1797 1456 1843 oratio·

219 1888 315 1927 nem
337 1886 380 1920 et
401 1878 606 1920 Caesares
629 1877 852 1921 luculento
874 1876 1106 1920 illustravit
1127 1874 1453 1920 commentario.

220 1954 282 1998 At
303 1944 353 2009 in{
365 1940 679 2011 constituendo
698 1964 819 2012 textu
833 1984 851 2007 ,
874 1953 1041 2008 qualem
1068 1950 1143 1994 Tu
1167 1963 1262 1995 eum
1286 1950 1331 1994 iu
1352 1949 1454 2008 Cal-

221 2031 404 2083 Is‘nucho
435 2031 575 2075 fuisse
611 2032 880 2085 observasti,
925 2032 1050 2075 talem
1094 2042 1143 2074 se
1185 2029 1232 2074 in
1262 2027 1455 2084 Julian·

224 2122 402 2165 quoque
442 2111 682 2166 praestitit3
725 2112 853 2156 mitto
886 2111 1007 2166 quod
1038 2106 1204 2168 priores
1239 2109 1451 2155 editiones

167 2178 170 2182 ⁴
223 2202 313 2236 non
333 2190 558 2247 diligenter
579 2193 688 2237 satis
707 2190 958 2244 consuluit,
987 2201 1066 2234 nee
1092 2187 1354 2232 Vossianum
1377 2201 1453 2232 co·

226 2266 362 2336 dicem
390 2253 531 2312 debita
550 2256 783 2313 attentione
806 2267 1026 2319 excussit,
1053 2265 1304 2326 stc-Potavi?
1335 2265 1456 2308 deni-

230 2357 315 2398 que
326 2346 587 2412 ¹‘marginales
609 2346 875 2402 conjecturas
897 2343 1151 2407 saepissime
1163 2338 1334 2396 omisit,
1347 2353 1454 2386 acu-

226 2430 294 2472 tas
314 2423 411 2468 illas
438 2436 487 2469 ac
508 2424 660 2481 dignas
686 2424 770 2471 viri
796 2421 938 2480 magni
972 2421 1087 2467 felici
1111 2419 1312 2477 ingeni03
1343 2431 1457 2473 quo-

1221 2503 1230 2519 ³
1358 2505 1454 2540 run
