1624 3016
261 147 616 201 ammacffl
643 146 1005 197 MommM.
1038 148 1143 196 vot.
1170 151 1208 198 1.
1269 159 1362 214 295

129 275 213 321 tine
234 287 281 320 aa
305 287 430 332 pars,
452 287 562 330 quae
582 273 719 330 prima
741 274 798 319 ad
814 274 1071 329 vulgandum
1095 286 1240 330 parata
1260 274 1358 321 fue-

127 352 209 397 rit:
257 354 384 410 cuius
426 354 559 409 partis
596 354 784 398 delectus
816 361 861 396 et
900 353 1024 407 quasi
1066 354 1149 398 flos
1197 354 1244 398 in
1290 354 1360 399 hia

131 430 326 486 quinque
359 431 671 475 Voluminibus
702 438 857 474 exstat.

187 507 272 552 Sed
305 507 428 552 labor
456 509 501 553 in
538 518 628 551 tota
665 508 744 550 hac
766 497 972 550 Editione
994 515 1282 560 consumtus,
1311 505 1366 551 li-

131 583 374 628 cet'multis
392 582 588 639 partibus
610 582 821 625 molestus
845 579 1007 635 fuerit3
1042 582 1184 624 multo
1220 592 1363 628 tamen

134 662 404 705 molestiores
439 659 614 703 fuerunt
648 658 972 713 reprehensores
1021 657 1198 702 laboris.
1270 658 1367 702 Ho-

121 751 231 783 -rum
274 739 433 793 duplex
474 735 564 780 suit
610 747 777 792 genus,
808 734 997 779 -doctum
1032 746 1074 778 et
1122 728 1363 781 indoctum.

137 816 310 863 Indocti
335 814 424 859 fere
454 826 523 858 me
557 813 872 867 admonebant,
903 823 957 856 ne
986 812 1081 867 ipse
1107 824 1175 855 me
1206 815 1260 856 ad
1289 814 1371 856 du-

135 906 232 938 rum
267 905 391 949 opusv
420 893 695 946 damnarem,
737 890 851 935 vitae
888 890 1182 935 suavitatibus
1227 893 1373 946 priva-

135 983 240 1016 rem.
309 969 485 1029 Quibus
522 979 572 1013 ut
605 969 773 1024 aliquid
814 970 1210 1028 reponeremqnod
1248 981 1375 1024 cape-

139 1058 263 1102 rent,
293 1047 519 1102 ditebam,
549 1056 593 1091 et
621 1046 748 1102 ipsos
782 1046 935 1091 habere
967 1058 1048 1090 sua
1086 1044 1379 1090 obiectamen-

140 1136 184 1171 ta
203 1157 220 1182 ,
252 1138 330 1170 sua
350 1124 522 1179 studia,
554 1124 716 1180 quibus
740 1137 765 1168 a
791 1124 1047 1180 quotidiano
1074 1135 1124 1170 se
1157 1136 1287 1180 opere
1314 1137 1380 1169 re-

144 1211 360 1251 crearentt
408 1203 490 1246 hoc
532 1213 672 1246 meum
710 1200 816 1244 mihi
859 1211 953 1245 esse
983 1201 1379 1255 oblectamentum,

142 1290 282 1323 meum
316 1278 509 1323 studium
530 1307 547 1331 ,
576 1276 623 1322 in
656 1288 748 1332 quo
783 1285 954 1332 tempus
981 1289 1005 1320 a
1035 1277 1223 1321 muneris
1246 1288 1383 1321 oecu-

142 1356 395 1415 parionibus
434 1355 614 1399 liberum
656 1354 848 1399 suaviter
898 1354 1188 1412 transigerem.
1259 1355 1383 1400 Tum

146 1443 249 1476 vero
271 1430 416 1475 minus
438 1430 563 1475 etiam
599 1429 851 1485 capiebant,
884 1431 1009 1485 quale
1035 1432 1118 1475 hoc
1140 1442 1286 1486 esset,
1320 1433 1386 1475 la·

150 1509 268 1553 boris
302 1508 608 1553 relaxationem
643 1509 694 1552 in
723 1508 811 1552 alio
842 1509 989 1554 labore
1014 1520 1237 1565 quaerere:
1269 1520 1389 1552 men·

146 1590 203 1633 tis
228 1587 427 1632 morbum
462 1587 640 1631 subesse
675 1586 917 1642 putabant,
950 1586 1201 1631 miserantes
1237 1597 1305 1630 me
1338 1594 1390 1630 ut

147 1669 326 1717 alterum
360 1665 899 1710 Heautontimorumenum
939 1664 1018 1709 illo
1054 1663 1143 1708 fere
1174 1663 1296 1708 dicto
1320 1663 1389 1707 di-

150 1745 406 1799 mittebant,
446 1743 521 1787 An
557 1746 763 1803 culquam
804 1750 865 1787 cst
897 1755 997 1787 usus
1038 1743 1199 1786 homini
1212 1774 1229 1795 ‚
1266 1756 1309 1785 sc
1343 1748 1394 1784 ue

118 1806 335 1869 ,chao-in.
394 1821 527 1867 Docti
563 1821 801 1878 iniquiores
847 1831 993 1875 erant,
1025 1833 1104 1866 nec
1144 1831 1229 1865 tam
1268 1820 1397 1865 facile

156 1913 225 1947 me
254 1899 555 1946 -dimittebantz
597 1899 920 1965 corripiebant,
948 1909 991 1944 et
1026 1899 1163 1944 veluti
1197 1899 1397 1944 debitum

158 1991 183 2022 a
216 1990 283 2022 me
317 1976 572 2033 ‘exigebantz
616 2006 654 2030 „
682 1975 806 2021 Heus
842 1974 924 2019 tu!
963 1975 1188 2030 ecquando
1231 1974 1400 2018 Plutar-

158 2057 269 2102 chus
300 2052 568 2111 prodibit?”
626 2053 865 2107 Dicebam,
906 2053 1100 2097 nondum
1136 2051 1281 2096 omnia
1318 2051 1402 2096 mi·

159 2133 208 2177 hi
242 2144 336 2176 esse
365 2141 510 2187 parata
545 2131 598 2175 ad
624 2131 787 2188 iustam
822 2130 1081 2185 editionem3
1128 2142 1324 2185 magnam
1355 2139 1400 2174 et

162 2211 323 2256 variam
360 2222 455 2254 esse
491 2221 692 2265 operam,
722 2209 1058 2263 emendationis,
1090 2208 1406 2265 interpretatio·

163 2290 263 2343 nis,
294 2297 526 2345 apparatus
548 2287 767 2333 doctrinae
799 2287 1068 2344 colligendi,
1098 2300 1231 2343 porro
1266 2286 1406 2331 varias

163 2365 371 2411 lectiones
409 2349 676 2421 congerere,
694 2364 864 2410 Indices
898 2364 1135 2424 conficere,
1167 2364 1309 2410 omnia
1333 2365 1409 2408 de·

164 2445 300 2500 nique
336 2445 539 2501 digerere.
599 2443 717 2488 Tum
752 2444 847 2490 illis
921 2474 957 2499 ‚,
988 2443 1055 2488 Da
1094 2439 1211 2498 quod
1246 2441 1408 2494 habes,

169 2555 200 2583 ‚,
229 2527 394 2582 reliqua
438 2525 664 2583 supplebis
696 2525 827 2570 altera
865 2524 1084 2570 editione:
1114 2522 1315 2568 utendum
1341 2530 1412 2563 est

811 2599 856 2646 T
881 2614 912 2658 4
1287 2611 1317 2639 n
1345 2597 1414 2642 in·
