1624 3016
299 177 480 244 νἰτΛ
519 179 600 235 ἰ).
653 182 1113 235 ιιιιιιιικιιιιιιι
1238 186 1334 244 ³⁴9¹

94 316 236 373 atrae,
270 328 341 372 et,
377 315 537 372 quibus
579 312 701 357 visus
736 310 996 364 auditusque
1035 307 1319 363 erudiuntur,

98 392 271 441 linearis
309 394 500 449 picturae
532 399 575 434 et
604 388 819 440 musicae,
831 387 979 443 hujus
1011 386 1182 442 quidem
1213 387 1330 443 ejus-

95 472 218 517 ‘modi
237 469 460 527 profectus
484 477 533 511 ut
554 463 834 522 probabiliter
851 463 976 506 tibia
984 473 1176 508 caneret.
1208 458 1332 508 deni-¹

103 561 188 603 que
208 546 447 592 venationis
478 543 671 589 studium
693 539 792 584 inde
813 541 838 583 a
862 540 1018 583 teneris
1043 527 1339 595 susceptum,'

91 634 147 670 ‘et
174 626 406 680 progressu
432 619 582 666 aetatis
614 617 667 662 ad
692 615 910 660 scientiam
943 624 985 658 et
1009 615 1214 660 rationem
1239 628 1334 671 per.

104 703 310 746 ductum:
331 701 381 744 de
404 697 565 754 quibus
582 692 774 739 artificiis
796 692 1148 747 studiisquecum
1174 692 1332 739 horum

102 777 286 833 peritis,
329 779 585 829 quamquam
621 769 862 822 illiteratis,
904 777 989 813 tam
1021 769 1227 823 libenter,
1262 770 1335 826 ju'·

108 855 276 908 eunde,
306 843 593 906 intelligenter
614 846 1003 900 confabulabatur,
1034 858 1165 902 quam
1184 845 1237 890 de
1256 845 1338 891 Li·

68 984 74 987 ,
108 918 211 974 teris
236 932 339 973 cum·
378 926 572 970 literatis.
642 923 766 981 Quae
800 923 926 969 dotes
963 923 1133 969 etiamsi
1163 923 1341 980 exiguae

108 1006 225 1058 sint,
255 1005 293 1049 si
325 1016 422 1049 cum
449 1002 610 1059 ingenii
632 1001 936 1056 doctrinaeque
960 1000 1198 1045 virtutibus
1219 1012 1337 1045 eom-

107 1092 310 1141 parentur
329 1112 346 1135 ,
387 1082 570 1126 advenae
613 1089 655 1124 et
696 1078 862 1134 hospiti
906 1077 1170 1134 multiplices
1207 1088 1339 1123 ansas

107 1158 400 1203 conciliandae
423 1156 655 1199 multorum
688 1154 867 1199 notitiae
892 1154 1188 1209 amicitiaeque
1220 1165 1343 1210 prae·

108 1238 295 1290 bebant,
322 1235 642 1291 plurimumque
672 1235 872 1280 valebant
897 1235 948 1280 ad
980 1235 1219 1281 benivolam
1242 1217 1341 1291 opii

109 1314 278 1360 nionem
307 1308 489 1369 ¹vulgi,
497 1314 625 1371 cujus
650 1312 695 1357 in
719 1325 846 1357 manu
869 1312 1220 1357 doctissimorum
1248 1324 1340 1358 sae-

107 1407 163 1452 pe
193 1390 414 1438 hominnm
445 1394 593 1451 posita
623 1403 687 1438 est
725 1391 915 1438 fortuna.
987 1393 1059 1437 Ad
1098 1393 1182 1437 hoc
1214 1379 1342 1448 vulgi

108 1471 414 1530 praejudicium
445 1482 579 1527 quum
611 1464 824 1516 accederet
845 1453 1056 1533 judicium
1087 1481 1341 1527 magnorum

109 1547 329 1601 virorum,
358 1547 403 1592 in
428 1541 588 1603 primis
626 1546 974 1602 Hemsterhusii‚
1005 1547 1079 1603 qui
1110 1558 1206 1591 eum
1231 1559 1343 1603 quo·

106 1623 176 1667 vis
201 1623 246 1666 in
268 1607 462 1668 sermone
482 1633 523 1668 et
543 1635 780 1679 congressu
800 1624 911 1668 haud
930 1622 1113 1674 obscure
1129 1622 1225 1667 alils
1238 1623 1342 1668 ado-

103 1699 367 1746 lescentibus
396 1711 437 1744 et
461 1701 745 1757 praeponebat
766 1710 808 1745 et
833 1701 878 1746 in
907 1701 1147 1758 exemplum
1177 1714 1341 1758 propo·

105 1775 262 1829 nebat,
292 1774 410 1820 brevi
443 1774 603 1820 factum
627 1786 722 1831 est,
753 1787 802 1820 ut
827 1767 1140 1822 studiosissimi
1177 1777 1340 1833 quique

106 1843 315 1896 bonarum
346 1849 588 1897 Literarum
618 1853 798 1910 iuvenes
833 1846 926 1911 ejus
957 1854 1183 1900 amicitiam
1211 1867 1337 1910 expe-

104 1936 270 1980 terent,
284 1936 327 1971 et
345 1938 536 1983 parentes
556 1941 651 1973 eum
681 1929 784 1975 filiis
813 1941 980 1975 morum
1011 1917 1340 1988 studiorumque

107 2002 371 2061 praefectum
407 2007 635 2064 adjungere
672 2018 895 2064 cuperent,
972 2009 1238 2068 Huiusmodi
1269 2011 1344 2057 ille

106 2084 313 2128 stationes
349 2085 503 2130 lubens
540 2085 807 2144 accipiebat,
845 2100 946 2138 cum
981 2101 1066 2132 suo
1102 2089 1197 2143 ipse
1224 2089 1341 2146 judi·

108 2161 210 2214 cio,
255 2162 344 2216 quo
374 2161 542 2206 diutius
580 2163 747 2219 copiam
780 2164 952 2209 haberet
985 2164 1187 2210 fruendae
1218 2165 1350 2214 disci·

114 2237 258 2293 plinae
281 2238 827 2285 Hemsterhusianae.tu1n
849 2243 1021 2287 auctore
1042 2243 1085 2287 in
1109 2243 1259 2309 primis
1278 2235 1346 2302 ip-

110 2327 164 2359 so
186 2313 545 2373 Hemsterhusio,
574 2317 652 2374 qui
671 2318 724 2362 ab
751 2319 876 2369 initio
898 2321 1040 2393 statim
1064 2322 1175 2376 illud
1195 2318 1344 2406 agebat

108 2402 160 2436 ιιι
195 2390 498 2439 Ruhnkenium
534 2394 580 2438 in
612 2394 784 2441 Batavia
813 2387 1036 2454 retineret,
1077 2410 1120 2444 et
1151 2385 1343 2474 aliquan·

39 2468 50 2473 ’
101 2470 171 2515 ‘do
202 2470 247 2514 in
279 2471 476 2514 cathedra
492 2473 738 2524 collocaret.
797 2472 931 2538 Quod
948 2473 1126 2534 perfecit
1147 2459 1342 2534 tandetn',

37 2606 40 2609 ,
98 2538 320 2612 *quamvls
342 2543 502 2595 multos
535 2558 637 2605 post
667 2555 835 2604 ιιιιιιοε,
873 2542 1256 2608 Hemsterbusius‚
1293 2542 1337 2600 e't

718 2627 879 2687 Mais
1259 2631 1342 2682 in:
