1624 3016
337 151 523 205 v1‘rA
558 158 618 204 D.
659 148 1101 203 Ruanssun.
1257 157 1348 211 ας

110 283 249 331 vetuti
283 281 470 339 Sibyllae
500 282 650 336 foliis,
682 289 874 326 notaret=
906 285 1014 335 quas
1047 247 1142 335 i⁸pae
1169 277 1342 334 aior,

105 360 193 406 nisi
213 360 394 404 muitum
422 358 658 414 quaerens,
687 356 868 412 reperire
882 360 976 400 non
998 360 1163 411 posset.
1222 353 1348 412 Quae

16 456 17 460 ¹
108 437 298 481 scidulae
329 449 462 491 quum
482 435 602 480 vivo
642 434 971 481 Hemstcrhusio
1007 433 1076 477 vel
1100 432 1356 487 extorqueri?

113 518 180 571 ei,
210 518 277 562 vel
303 518 355 561 ab
377 517 473 560 aliis
500 513 700 571 quamvis
723 514 863 557 doctis
890 513 1144 558 hominibus
1166 515 1348 560 investi·

117 593 204 650 gari
238 593 490 647 nequirent3
519 587 806 633 Ruhnkenius
839 587 932 632 filio
958 588 1075 632 illius
1101 599 1142 631 et
1171 589 1345 644 heredi,

108 669 364 723 Francisco,
394 664 632 724 persuasit,
665 675 713 709 ut
739 665 834 720 ipsc
865 665 998 720 patria
1017 666 1350 710 commentarios

110 754 154 787 et
187 743 420 788 adversaria
451 748 706 784 testamento
731 739 1016 784 bibliothecae
1053 738 1348 793 Lugdunoba-

111 832 189 864 vae
211 821 398 875 legaret,
426 817 605 874 ejusque
635 816 839 873 promissi
875 815 998 860 fidem
1022 816 1067 861 in
1088 816 1249 870 Elegio
1276 829 1352 871 pa·

111 898 192 941 tris
223 896 352 954 (47)
381 893 555 950 publice
578 892 799 936 testificari
829 904 877 936 se
907 892 1080 936 sineret.
1146 891 1211 936 Ibi
1233 893 1348 936 cuim

108 974 180 1017 hic
212 975 362 1028 locus,
392 972 516 1028 quasi
555 972 791 1017 testimonii
825 970 1109 1026 auctoritate,
1149 971 1202 1016 ad
1231 980 1352 1014 com·

111 1063 279 1096 munem
305 1051 495 1094 omnium
518 1049 716 1093 notitiam
740 1049 940 1103 proditus
961 1058 1043 1093 est.
1102 1048 1164 1092 At
1189 1046 1352 1092 Ruhn-

108 1129 222 1173 kenii
248 1140 367 1184 spem
400 1126 670 1179 laboremque
695 1138 928 1170 successus
957 1124 1175 1169 destituit.
1234 1124 1350 1169 Nam

109 1203 178 1246 vel
207 1202 342 1246 filium
379 1201 687 1254 FrancIscum‚
733 1201 808 1255 qui
841 1201 951 1245 obiit
980 1212 1094 1246 anno
1124 1199 1169 1244 h.
1201 1212 1239 1245 a.
1270 1212 1353 1244 no·

109 1279 331 1334 nagesimo
347 1309 364 1333 ,
388 1290 504 1323 mors
529 1278 763 1333 occupavit
781 1287 1030 1332 anteaquam
1051 1276 1105 1321 de
1128 1276 1347 1332 promisso

112 1355 332 1400 efficiendo
352 1355 540 1399 cavisset
556 1386 573 1409 ,
602 1357 672 1400 vel
699 1355 830 1410 patris
855 1356 927 1399 illa
951 1355 1186 1400 adversaria
1218 1354 1352 1402 inter-

106 1432 327 1477 ciderunra
361 1433 531 1478 heredes
567 1442 681 1477 certe
712 1432 775 1476 nil
811 1432 1023 1487 ejusmodi
1057 1432 1347 1486 invenerunt,

107 1510 225 1564 quod
243 1521 293 1553 ex
313 1518 569 1553 testamento
597 1509 760 1553 tradere
782 1508 1069 1553 bibliothecae
1104 1506 1347 1564 Lug-iuno·

108 1586 282 1630 batavae
312 1586 525 1633 deberent.
585 1585 649 1634 lta
685 1598 840 1640 magno
874 1596 917 1631 et
942 1595 1096 1631 nostro
1126 1586 1276 1631 dolore
1303 1594 1347 1629 et

9 1648 14 1654 ’
106 1661 343 1707 Literarum
369 1665 524 1708 damno
540 1694 558 1718 ,
587 1664 659 1708 ille
686 1664 942 1718 thesaurus,
972 1663 1091 1719 quod
1114 1661 1344 1719 proverbio

106 1740 294 1793 dicitur,
324 1740 369 1784 iu
395 1741 557 1785 cineres
583 1740 707 1786 abiit.

163 1819 492 1865 Hemsterhusio
517 1822 562 1865 in
585 1820 824 1864 Literarum
853 1821 1111 1866 Graecarum
1133 1831 1175 1866 et
1191 1820 1349 1866 Histo-

104 1894 189 1938 riae
217 1894 383 1942 Patriae
417 1897 615 1941 cathedra
652 1898 862 1942 successit
898 1897 1151 1943 Ludovicus
1179 1898 1343 1951 Caspa-

105 1986 177 2016 rus
209 1963 550 2029 Valckenarius,
579 1973 647 2019 vir
679 1976 724 2019 in
761 1975 916 2029 paucis
944 1987 1155 2030 magnus,
1184 1976 1343 2030 dignus

88 2057 225 2106 ,tanto
249 2058 291 2092 et
323 2049 545 2094 decessore
570 2061 828 2104 successor,
858 2060 900 2095 et
924 2051 1130 2106 magistro
1151 2051 1348 2105 discipu·-

105 2128 210 2171 lus.-
252 2128 317 2171 Ac
353 2127 390 2170 si
430 2126 550 2180 quod
582 2123 669 2169 fuit
694 2135 892 2181 tempus,
922 2140 1011 2181 quo
1036 2138 1200 2171 auream
1226 2126 1349 2172 Lite·

105 2213 243 2247 rarum
267 2210 444 2248 aetatem
477 2213 647 2251 censere
676 2213 829 2259 posset
851 2204 1081 2251 Academia
1103 2203 1348 2262 Lugdunu-

1271 2279 1348 2324 ba-

156 2376 280 2429 (47)
310 2380 425 2427 Elog.
451 2379 718 2419 Hemsterhusil
745 2391 784 2429 p.
812 2383 874 2421 68.
903 2383 1125 2428 Caeterum,
1150 2393 1248 2432 quae
1279 2382 1343 2422 hic

103 2452 262 2501 scripsi,
289 2453 508 2500 corrigenda
542 2462 627 2491 sunt
656 2454 881 2503 aliquantum
909 2466 958 2495 ex
985 2455 1053 2504 iis,
1088 2466 1184 2507 quac
1214 2465 1345 2509 postea

102 2525 141 2565 iu
163 2524 240 2567 hoc
267 2525 363 2565 libro
386 2525 534 2575 prodidi
562 2526 607 2566 ad
630 2538 765 2568 annum
796 2537 906 2578 ¹79¹·

714 2599 779 2644 Ss
811 2613 837 2657 3
