1624 3016
302 211 476 260 vrrA
523 212 582 259 n.
633 183 1083 258 Runnxssmt.
1220 211 1304 254 σοι

86 330 157 388 ina
181 335 371 383 Historia
390 336 601 382 recensuit
614 369 631 392 ,
663 319 838 380 suntad
860 334 1200 391 quinquaginta,
1220 332 1309 377 sin-

86 414 176 476 guli
209 426 284 470 per
311 414 503 470 singulas
524 411 870 468 disputationes,
903 410 1103 467 quamvis
1125 409 1307 462 breves,

87 497 225 539 tamen
254 490 346 535 suis
373 489 560 535 numeris
590 479 837 544 absolutas,
866 486 1086 542 descripti.
1148 484 1311 530 Harum

82 578 208 615 unam
246 569 490 615 nominasse
523 564 628 608 satis
667 563 753 625 sit,
795 551 884 606 earn
925 564 977 610 de
1008 560 1231 610 Andocide
1267 570 1312 609 et

85 643 270 693 Phaeace
282 675 298 698 ,
315 643 358 694 in
381 641 721 699 qna'disputatur
741 640 944 688 adversus
959 639 1031 697 J0.
1047 638 1305 693 Taylorum.

83 721 169 766 Hic
197 719 410 766 Andocidi
447 718 693 768 Orationem
719 718 924 765 adversus
948 704 1211 762 Alcibiadem
1234 714 1314 759 ab·

80 795 300 855 judicare,
330 791 591 855 Phaeacique
623 792 867 853 adjudicare
890 799 1073 837 conatus
1101 799 1189 836 erat
1212 801 1307 846 tan-

83 873 144 922 tis
187 873 343 930 ingenii
378 869 681 928 doctrinaeque
717 869 921 918 adhibitis
966 868 1219 925 praesidiis,
1263 876 1313 914 ut

83 952 335 1002 sententiam
378 949 706 1002 Hemsterhusio
752 949 977 1006 probaret:
1020 948 1310 995 Ruhnkenins

83 1027 175 1081 non
217 1030 380 1075 minore
411 1024 585 1085 ingenio
622 1026 902 1083 doctrinaque
921 1057 938 1084 ,
985 1027 1143 1082 maiore
1185 1024 1313 1072 etiam

87 1103 284 1154 acumine
316 1114 359 1149 et
394 1103 663 1157 subtilitate,
693 1102 879 1151 rationes
903 1101 1081 1159 Taylori
1113 1102 1316 1152 confuta·

86 1183 183 1235 vit,
213 1190 263 1225 ut
283 1180 577 1228 assentientem
602 1178 770 1222 haberet
793 1177 1118 1225 Valckenarium
1133 1208 1149 1232 ,
1179 1189 1220 1222 et
1239 1179 1314 1223 ha·

84 1257 257 1301 biturus
290 1256 418 1300 etiam
456 1254 615 1305 fuisset
652 1253 1054 1309 Hemstethusium,
1091 1253 1130 1298 si
1166 1253 1205 1298 is
1238 1254 1313 1298 ad-

81 1329 171 1381 huc
196 1332 394 1383 vixisset.
456 1331 575 1390 Ergo
603 1339 645 1374 et
674 1329 718 1376 in
752 1329 836 1373 hoc
874 1327 1160 1380 Ruhnkenins
1194 1330 1317 1386 prin·

83 1419 189 1467 ceps
213 1409 377 1454 exstitit
401 1406 690 1452 doctrinarum
726 1417 904 1463 genere,
934 1406 1054 1461 quod
1089 1418 1222 1451 unum
1246 1415 1316 1453 est

84 1489 136 1533 ad
157 1485 319 1544 ingenii
342 1484 533 1528 fructum
558 1494 599 1527 et
619 1484 886 1540 cognitionis
915 1484 1167 1534 suavitatem
1193 1484 1319 1531 uber·

78 1565 264 1610 timum:
300 1561 541 1609 Historiam
574 1559 833 1609 Lim-arum
859 1562 988 1615 dico,
1030 1574 1137 1617 quae
1177 1562 1220 1609 in
1252 1575 1318 1611 re-

7 1635 9 1638 ⁴
83 1644 170 1689 bus
190 1651 232 1685 et
260 1640 384 1686 libris
411 1638 613 1687 Veterum
639 1638 907 1694 Scriptorum
937 1638 1205 1685 recensendis
1225 1651 1320 1683 ver.

92 1729 230 1765 satur.
287 1715 339 1764 In
368 1716 477 1760 hanc
503 1728 634 1771 quum
656 1715 710 1761 ab
736 1716 858 1760 omni
882 1725 1074 1775 tempore
1092 1717 1224 1761 ‘multi
1249 1717 1318 1764 in-

76 1798 327 1845 ‘volaverint
369 1797 701 1854 compilatores,
736 1797 813 1853 qui
855 1799 943 1843 non
985 1799 1229 1847 dubitarent
1267 1801 1320 1845 de

90 1875 387 1932 scriptoribus
420 1874 600 1931 garrire,
640 1884 824 1938 quorum
862 1875 1023 1929 scripta
1066 1887 1155 1921 non
1187 1875 1320 1935 legis·

77 1963 208 2008 'sent3
241 1951 493 2013 paucissimi
519 1948 723 2005 fuerunt,
754 1951 831 2008 qui
860 1961 948 1996 enm
982 1963 1081 1997 cum
1114 1952 1317 2010 propriae

89 2030 307 2079 doctrinae
333 2028 473 2083 copiis
507 2037 549 2070 et
580 2025 787 2071 facultate
814 2021 1071 2074 tractarent.·
1114 2028 1316 2087 Quorum

87 2113 112 2156 e
141 2122 316 2155 numero
339 2108 558 2164 principes
583 2107 784 2152 censendi
806 2118 909 2153 sunt
934 2118 1133 2164 quatuor.
1172 2111 1315 2168 Nam,

72 2197 137 2236 ..ut
162 2185 236 2242 Jo.
269 2183 492 2229 Meursius
523 2184 687 2239 priores
724 2198 872 2233 omnes
913 2187 1157 2242 diligentiae
1192 2191 1317 2236 laude

94 2261 344 2318 superavit,
385 2262 444 2307 ita
480 2274 579 2306 mox
613 2262 712 2317 plus
741 2263 962 2318 aliquanto
986 2264 1141 2321 judicii
1173 2269 1321 2315 attulit

71 2339 155 2385 G.
182 2339 254 2396 Jo.
289 2338 508 2384 Vossius:
537 2341 637 2395 plus
669 2339 793 2383 etiam
820 2342 893 2397 Jo.
926 2341 1135 2398 Jonsius‚
1167 2358 1314 2392 omnes

69 2427 136 2462 -et
158 2418 335 2473 majores
364 2428 407 2460 et
429 2418 616 2462 minores
641 2429 920 2472 superaturus
935 2450 951 2477 ,
983 2420 1020 2463 si
1044 2423 1132 2465 vita
1155 2423 1192 2466 ei
1222 2424 1321 2468 lon.

68 2494 187 2556 .gior
216 2494 470 2551 obtigissett
488 2495 672 2551 denique
693 2497 865 2541 illorum
884 2500 1033 2558 copias
1057 2500 1150 2546 suis
1171 2505 1317 2559 anxit,

101 2580 320 2636 totamque
364 2575 578 2627 materiam
611 2575 819 2632 explicuit
835 2604 858 2629 ‚-
892 2576 1058 2635 duplici
1089 2579 1135 2626 in
1166 2581 1318 2640 pritnis

713 2652 787 2703 Tt
826 2667 851 2716 3
991 2692 994 2696 .
1219 2670 1323 2717 opo·
