1624 3016
194 159 278 212 ω
431 157 770 205 ΡΚΛΕΡΑτιο
802 174 864 206 nx
894 162 1187 216 eumont

198 291 322 335 quam
350 289 491 334 voco,
534 288 599 323 est
621 280 930 336 Stephanianae
960 286 1210 337 Editlonisx
1238 296 1289 339 ad
1311 297 1428 353 ejus.

198 370 282 414 que
304 366 554 403 contextum
575 358 818 405 referuntur
832 373 1002 408 nostrae
1021 364 1179 412 Notae.
1239 371 1320 416 mc
1338 382 1429 418 erat

193 433 356 479 Aldino
394 435 448 479 ad
482 435 568 480 hoc
604 436 822 491 negotium
861 437 990 495 longe
1027 446 1386 492 accommodatior
1406 461 1421 492 a

195 509 384 567 quippe,
411 521 460 556 ut
482 512 617 571 magis
633 515 879 560 emendatus
899 530 1027 571 quarn
1048 529 1302 566 caeterarum
1323 522 1430 568 Edi·

195 587 365 633 tionum
391 597 656 645 contextus,
696 590 916 637 maximam
951 595 1266 651 plurimamque
1294 607 1434 642 muta-

192 662 362 711 tionum
395 676 555 722 partem
591 679 875 724 occupaverat
899 683 1127 727 earumque
1162 676 1429 721 notationem

194 754 545 797 supervacaneam
568 745 818 792 reddiderat.
878 747 1094 802 Aldinus‚
1118 760 1166 794 ut
1190 752 1434 797 mendosis-

191 823 328 867 simus
342 852 358 876 ,
376 820 626 877 postulabat
645 823 1016 870 innumerabilium
1040 828 1327 872 mutationum
1349 841 1432 875 uo·

196 898 432 952 tationem,
463 910 575 952 quae
597 906 729 942 totam
764 899 964 955 paginam
995 901 1174 957 repleret
1203 916 1250 947 ac
1275 915 1430 959 perpe-

192 987 267 1022 tua
294 976 506 1021 variarum
531 975 763 1019 lectionum
788 987 928 1033 segete
952 978 1163 1024 horridam
1184 992 1226 1026 et
1249 983 1429 1039 legenti·

190 1055 276 1099 bus
299 1055 520 1099 molestam
545 1052 715 1097 faceret.
775 1052 1032 1111 Caeterum,
1064 1057 1107 1101 in
1133 1056 1424 1113 Stephaniano

198 1139 407 1178 contextu
442 1140 532 1174 non
567 1129 710 1173 solum
744 1131 904 1175 attendi
929 1132 983 1175 ad
1014 1132 1138 1177 locos
1161 1144 1431 1193 corruptos,

195 1210 272 1255 sed
303 1221 377 1253 eos
403 1206 527 1251 etiam
554 1205 632 1261 qui
655 1205 749 1250 sani
774 1204 1046 1263 viderentur3
1078 1210 1425 1265 quandoquidem

193 1287 241 1333 in
267 1299 318 1330 eo
337 1283 536 1341 permulti
553 1293 657 1328 sunt
675 1283 765 1329 loci
783 1285 837 1328 ad
857 1284 1043 1342 speciem
1065 1287 1157 1330 sani
1179 1297 1222 1331 et
1242 1286 1396 1344 integri
1411 1319 1431 1343 ,

194 1364 270 1409 sed
289 1363 347 1407 ita
367 1359 624 1414 constituti,
641 1369 695 1404 ut
716 1360 866 1416 potius
891 1373 998 1404 svs
1014 1373 1040 1405 r
1055 1375 1087 1404 u
1099 1373 1130 1405 a
1146 1373 1207 1405 m
1227 1361 1436 1407 aliorum.

192 1450 278 1495 que
301 1447 592 1482 correctorum
607 1467 623 1491 ,
655 1447 785 1492 quam
802 1435 1052 1492 Plutarchi,
1081 1437 1299 1493 scriptura
1318 1439 1433 1496 lega·

190 1528 281 1562 tur.
341 1515 609 1573 Hujusmodi
630 1529 698 1560 me
717 1517 804 1562 loci
826 1516 938 1561 nulli
963 1517 1144 1562 omnino
1167 1518 1316 1575 fugere
1345 1533 1428 1576 po·

188 1606 397 1648 tucrum,
429 1607 563 1649 quum
595 1594 922 1651 Stephanianam
946 1593 1192 1639 Editionem
1223 1608 1325 1643 curn
1349 1597 1429 1642 At·-

187 1673 293 1720 'dina
325 1670 542 1726 aliisque,
572 1679 615 1713 et
638 1683 741 1715 vero
775 1669 973 1725 plurimis
995 1671 1223 1717 codicibus
1247 1673 1428 1730 scriptis

189 1749 463 1799 contulerim.
522 1748 679 1804 Neque
707 1761 810 1793 vero
842 1748 1041 1792 minimas
1083 1741 1235 1794 omnes
1257 1751 1440 1796 varieta-

190 1841 259 1875 tes
273 1862 290 1884 ,
320 1827 484 1884 quibus
508 1827 560 1870 ab
582 1827 741 1872 Aldina
762 1827 939 1872 recessit
960 1827 1277 1884 stephaniam,
1306 1838 1434 1876 nota-
1515 1888 1519 1893 .

188 1912 254 1958 vl.
313 1908 470 1963 Neque
492 1907 621 1969 etiam
658 1907 743 1952 hoc
767 1920 944 1952 necesse
971 1919 1059 1953 erat
1082 1909 1128 1952 in
1160 1909 1216 1954 iis
1241 1923 1350 1966 quas
1371 1913 1434 1959 ita

188 1981 472 2041 probabiliter
485 1979 663 2027 fecisset
684 1968 754 2026 ἐἶτ
766 1995 794 2026 n
810 1996 835 2026 ι»
851 1998 882 2027 ιι
893 1996 924 2028 a
935 1996 972 2027 Ν
985 1998 1016 2027 u
1029 1997 1051 2028 s
1067 2016 1083 2039 ,
1103 1995 1153 2028 ut
1171 1987 1325 2034 melius
1339 2001 1432 2034 cee-

175 2062 373 2118 'tiusque
405 2073 486 2117 ego
513 2059 580 2104 ni}
598 2059 793 2104 haberem
810 2091 827 2114 ‚
858 2072 1043 2117 eumque
1071 2063 1197 2119 sequi
1215 2065 1425 2112 deberem.

174 2141 255 2187 ‘At
273 2139 423 2183 notavi
446 2135 705 2194 insigniores
728 2148 877 2182 omnes
889 2168 907 2192 ,
937 2147 979 2181 et
998 2150 1070 2182 eas
1089 2139 1135 2183 in
1150 2139 1303 2194 primis
1322 2155 1432 2196 quae

178 2214 286 2264 ‘nou
321 2217 429 2262 satis
454 2217 622 2278 firmam
649 2214 946 2260 auctoritatem
970 2215 1197 2272 haberent,
1227 2230 1433 2273 quarum-

169 2283 280 2351 ⁵que
301 2295 470 2354 notatio
493 2293 615 2350 {viam
640 2290 916 2336 inveniendae
937 2304 1064 2336 verae
1085 2293 1284 2337 iectionis
1312 2304 1433 2350 pate-

186 2374 330 2418 facere
354 2355 584 2418 videretur.
599 2364 602 2369 ’
645 2369 838 2414 Omnino
867 2371 992 2415 locos
1010 2382 1041 2413 a
1068 2383 1091 2414 s
1105 2382 1136 2413 τ
1148 2383 1178 2414 z
1191 2383 1216 2414 Ρ
1231 2383 1263 2413 11
1275 2382 1305 2416 s
1316 2382 1427 2424 uo,

173 2448 352 2504 'incerta
393 2447 494 2490 licet
530 2444 788 2492 auctoritate
803 2477 820 2500 ,
860 2455 1001 2490 tamen
1037 2448 1091 2490 ad
1119 2440 1348 2490 orationem
1384 2453 1429 2489 et

150 2562 153 2567 .
192 2524 448 2578 sententiam
467 2509 756 2585 probabiiiter
776 2533 994 2578 correctos
1003 2551 1031 2583 ,3
1050 2523 1126 2568 ubi
1147 2523 1227 2568 mei
1257 2521 1429 2566 codices

1363 2599 1435 2658 nil
