1624 3016
331 153 415 201 coo
550 152 741 199 VITA
791 150 851 199 D.
899 151 1347 204 RUHNKENH.

339 274 581 331 gligentiam
615 275 662 319 in
694 274 751 318 iis
783 274 956 320 edendis
989 277 1056 321 vel
1084 277 1314 333 perfidiam.
1383 280 1450 324 De
1477 291 1563 335 qus

337 350 413 394 lite
430 360 478 394 ut
502 363 589 395 non
607 360 673 395 est
691 351 808 405 qnod
830 352 955 405 plura
974 352 1168 397 dicamus
1180 383 1198 407 ‚
1227 354 1287 399 its
1317 355 1454 401 facere
1473 368 1562 405 non

343 437 583 481 possumus
615 427 719 483 quin
743 427 883 471 simile
905 429 1122 483 negotium
1145 441 1242 473 cum
1265 431 1339 476 iiia
1362 432 1564 493 Ruhnke-

341 500 405 547 ιίί
428 510 559 546 aetate
587 503 801 557 rebusque
822 505 1103 560 coniunctum
1141 517 1440 555 memoremus.

399 576 570 623 Novam
604 577 816 624 Herodoti
845 580 1073 625 editionem
1109 581 1360 627 instituebat
1395 581 1566 630 Wease-

334 650 527 711 litigius,
555 655 583 699 a
612 656 740 712 cujus
771 656 965 702 doctrina
1002 669 1102 701 cum
1138 658 1200 702 nii
1242 658 1327 703 nisi
1357 658 1570 715 egregi-n

342 739 683 786 exspectaretur,
714 742 806 777 tum
831 733 884 777 ad
903 744 993 776 esm
1020 734 1064 777 in
1089 734 1171 779 hoc
1194 746 1324 789 opere
1338 734 1473 778 veluti
1489 745 1573 779 cu-

337 808 483 851 mulus
517 808 754 853 accedebat
774 807 1043 871 Valckenstii
1084 810 1296 855 doctrina.
1360 809 1447 854 Iam
1477 808 1576 855 fied

339 893 430 927 non
455 892 621 938 poterat
659 884 766 938 quin
787 884 832 927 hi
857 883 971 939 viti,
1001 884 1045 930 iu
1075 886 1163 941 pari
1195 886 1283 931 fere
1312 885 1571 932 eruditionis

334 958 573 1012 facultate,
614 959 659 1003 in
696 959 860 1003 easdem
896 971 1020 1021 saepe
1049 962 1277 1008 sententias
1295 994 1312 1017 ‚
1352 963 1575 1020 conjectu·

339 1046 442 1090 ras,
472 1035 703 1080 citatorum
725 1047 777 1080 ex
800 1035 901 1080 aliis
920 1036 1216 1093 scriptoribus
1238 1039 1434 1083 iocorum
1457 1051 1576 1085 men-

341 1111 514 1166 tiones,
543 1111 792 1158 inciderent.
854 1113 897 1159 A
924 1123 1078 1158 neutro
1116 1114 1424 1168 postulandum
1456 1124 1575 1170 erat,

340 1197 393 1234 ut
424 1197 502 1232 sua
536 1188 737 1250 inventa,
771 1190 968 1245 quamvis
1003 1190 1281 1245 eommunia,
1313 1200 1452 1236 tama·
1480 1190 1576 1246 ipso

344 1263 655 1321 supprimeret,
688 1265 897 1322 socioque
917 1266 1002 1311 soli
1024 1276 1240 1321 tamquam
1273 1267 1448 1323 propria
1467 1279 1576 1312 con-

343 1341 531 1385 cederett
560 1341 759 1396 iniquum
781 1354 897 1397 erat,
914 1354 960 1387 ut
980 1346 1087 1390 alter
1108 1346 1317 1400 acciperet
1338 1343 1577 1397 auxilium,

341 1416 540 1472 iniquius
575 1418 700 1464 etiam
731 1427 782 1463 ut
813 1419 919 1463 alter
946 1428 1199 1474 praestaret,
1237 1430 1337 1462 cum
1370 1431 1449 1463 sua
1481 1419 1576 1475 ipse

344 1494 485 1539 laudis
517 1496 702 1552 iactura.
775 1497 912 1541 Edito
948 1496 1087 1551 libro,
1126 1506 1245 1540 erant
1285 1496 1390 1551 qui,
1426 1495 1576 1542 nescio

346 1572 484 1628 quid,
502 1576 555 1618 de
577 1572 869 1628 wesselingio
892 1572 1241 1629 suspicarentur,
1256 1584 1309 1616 ae
1327 1573 1368 1617 si
1387 1572 1426 1615 is
1445 1571 1578 1617 Vale-

340 1648 568 1695 keneriana
605 1651 807 1705 quaedem
847 1649 942 1695 sibi
966 1652 1274 1697 assumsisset:
1305 1648 1468 1705 quibus
1494 1661 1577 1695 su-

343 1729 649 1784 spicionibus,
679 1739 731 1773 ut
767 1727 879 1774 infra
908 1729 1136 1784 utriusque
1169 1726 1327 1783 ingenii
1357 1727 1576 1783 animique

343 1806 678 1864 magnitudinem
710 1805 896 1860 positis,
936 1814 1086 1849 neuter
1121 1804 1387 1848 movebatur.
1443 1801 1575 1847 Valc-

340 1879 542 1925 kenarius
568 1882 738 1936 quidem
777 1881 956 1925 moleste
990 1879 1177 1933 ferebat,
1207 1878 1346 1923 varias
1370 1878 1574 1925 codicum
1599 1881 1605 1885 '

342 1958 606 2013 scriptorum
654 1958 860 2003 lectiones
893 1958 919 2001 a
955 1956 1247 2011 Wesselingio
1291 1968 1382 2001 non
1424 1968 1572 2003 secum

342 2037 485 2082 fuisse
520 2036 889 2090 communicatas,
920 2049 1030 2091 quas
1061 2037 1129 2090 si,
1170 2047 1271 2081 ante
1302 2037 1573 2092 conscriptas

338 2127 443 2160 suas
462 2114 882 2168 animadversiones,
913 2114 1163 2168 habuissem
1192 2126 1334 2158 earum
1353 2126 1576 2171 compera-

332 2193 457 2236 tione
476 2192 614 2235 multo
638 2191 780 2246 piures
797 2190 920 2234 locos
938 2190 1216 2234 emendasset.
1277 2189 1337 2234 Et
1356 2202 1456 2234 vcro
1477 2199 1573 2234 tan·

341 2277 384 2310 ta
413 2277 501 2311 erat
534 2267 580 2310 in
611 2265 835 2310 Herodoto
869 2268 1040 2309 criticae
1078 2266 1296 2310 facultatis
1318 2267 1570 2312 exercendae

344 2345 518 2389 materia
543 2354 586 2388 et
619 2345 819 2397 ubertas,
848 2352 995 2406 tantus
1030 2343 1083 2387 ad
1117 2344 1425 2387 excurrendum
1456 2352 1571 2386 eem-
1602 2388 1608 2390 ‚

336 2435 424 2477 pus
441 2453 457 2475 ‚
487 2424 599 2467 unde
627 2434 803 2478 uterque
830 2437 951 2468 suam
981 2425 1065 2468 sibi
1089 2437 1139 2467 ac
1161 2408 1375 2480 propriam
1398 2423 1566 2466 laudem

331 2510 590 2556 reportarem
606 2503 851 2558 praesertim
863 2536 879 2560 ,
897 2515 1031 2559 quum
1053 2502 1100 2546 in
1121 2501 1214 2558 pari
1237 2499 1457 2547 universae
1475 2511 1571 2543 eru·

1507 2576 1573 2619 di-
