1624 3016
260 159 347 207 108
454 152 688 205 ORATIO
717 153 798 202 DE
827 154 1301 214 coNJtJNcrloNz

262 288 356 328 'nem
381 290 511 326 totam
538 280 650 325 vitae
674 281 877 325 rationem
913 281 1102 327 instituit
1140 281 1347 337 Pericles,
1377 281 1491 328 hane

260 366 438 403 secutus
467 365 533 401 est
566 357 716 409 Plato,
748 356 855 400 hanc
890 354 1060 410 Stoici,
1100 356 1208 400 hane
1237 369 1384 402 omncs
1417 371 1485 402 ve·

255 444 396 487 teres,
427 432 504 488 qui
531 432 733 477 omnibus
764 430 925 487 ingenii
948 429 1114 476 viribus
1135 429 1180 475 in
1202 431 1486 485 pulchritudi-

255 512 327 556 nis
359 522 500 555 veram
535 509 755 555 notionem
789 508 1138 564 inquisivemnt3
1169 519 1303 562 esque
1330 510 1496 554 deserto

256 600 334 645 per
362 587 540 645 longum
575 596 747 643 tempus
779 595 821 632 et
843 586 1021 640 relicta,
1052 587 1218 632 tandem
1253 585 1489 632 novissima

255 667 335 711 hac
367 677 504 725 aetate
521 664 572 710 ab
605 664 870 719 elegantibus
894 664 1149 718 quibusdam
1174 664 1424 710 hominibus
1443 665 1490 711 in

250 742 557 797 Philosophiae
576 754 729 799 gyrum
763 743 930 786 redacta
951 753 1232 798 revocataque
1252 753 1335 788 est.
1396 742 1488 787 Pri-

250 830 369 866 mum
407 819 540 876 igitur
571 829 710 864 teneat
743 819 1037 875 Philosophus
1074 821 1174 865 haec
1212 821 1294 865 tria
1334 828 1485 877 genera

247 895 365 950 veri,
396 895 529 950 boni,
570 904 613 939 et
643 894 846 950 pulchri,
881 905 959 949 ut,
1001 909 1051 940 ex
1090 897 1294 941 omnibus
1324 900 1484 952 rebus,

247 981 450 1027 quaenam
477 972 531 1014 ad
550 982 696 1014 eorum
724 970 910 1024 quodvis
940 970 1177 1026 pertineat,
1203 976 1356 1018 notum
1388 984 1485 1028 per·

246 1058 531 1105 spectumque
554 1048 725 1092 habeat.
783 1047 950 1093 Deinde
982 1048 1155 1095 humani
1182 1050 1342 1107 ingenii
1365 1052 1481 1097 vires

243 1134 511 1182 eognoscat,
536 1124 758 1179 quomodo
780 1123 878 1168 acui
901 1125 1133 1182 augerique
1155 1127 1354 1183 possint,
1383 1127 1484 1184 qui·

244 1216 343 1248 nam
375 1203 518 1249 omnis
553 1201 820 1258 cognitionis
843 1203 935 1248 sint
969 1212 1011 1247 et
1042 1204 1186 1249 fontes
1216 1214 1260 1249 et
1291 1205 1481 1260 limitem

246 1293 330 1336 qua
357 1280 427 1325 via
452 1280 505 1325 ad
524 1279 851 1334 certitudinem,
881 1282 973 1325 sive
991 1281 1045 1325 ad
1067 1293 1156 1326 eam
1178 1282 1270 1337 ejus
1292 1290 1476 1337 metam,

241 1360 353 1403 ultra
379 1369 507 1413 quam
534 1356 668 1400 homo
691 1356 891 1413 progredi
924 1357 1103 1412 nequit,
1133 1357 1344 1413 perveniri
1368 1370 1476 1413 pos-

237 1436 315 1480 sit.
384 1434 580 1487 Denique
621 1435 669 1477 in
701 1430 883 1477 Divinae
914 1432 1107 1477 Naturae
1138 1446 1188 1478 ac
1218 1425 1474 1481 coelestium

234 1523 375 1559 rerum
411 1510 756 1556 consideratione
787 1520 1010 1564 versetur,
1052 1523 1165 1565 quae
1197 1521 1247 1555 ut
1276 1514 1471 1558 omnium

152 1628 161 1637 .
235 1589 412 1634 maximi
437 1586 670 1640 momenti,
701 1587 764 1631 sic
786 1589 976 1631 naturale
996 1588 1208 1642 quoddam
1229 1589 1471 1636 animorum

232 1667 472 1723 pabulum,
512 1674 555 1707 et
592 1665 718 1719 plena
750 1663 1080 1708 honestissimae
1110 1666 1352 1719 voluptatis
1383 1678 1468 1712 est.

231 1743 318 1788 Sed
355 1741 402 1786 in
442 1741 525 1784 ista
565 1740 931 1796 contemplatione
959 1741 998 1786 si
1029 1742 1240 1787 subsistat
1266 1743 1468 1788 Philoso-

225 1818 374 1875 phus,
402 1815 486 1860 sibi
520 1815 718 1870 sapiens,
747 1816 844 1860 aliis
865 1829 955 1861 non
976 1817 1148 1872 sapiens
1170 1819 1265 1864 erit.
1330 1818 1460 1865 Unde

225 1896 313 1953 iam
346 1893 543 1938 Thaletis
577 1894 848 1948 temporibus
887 1894 971 1938 hoc
1007 1895 1320 1950 Philosophiae
1354 1897 1470 1942 vitio

225 1974 372 2018 datum
396 1971 510 2025 fuit,
541 1984 651 2026 quae
675 1972 720 2016 in
752 1974 876 2017 coelo
900 1982 1004 2016 sunt
1026 1986 1116 2017 eam
1139 1986 1335 2027 cernere,
1361 1983 1466 2020 cum·

226 2067 331 2099 vero
365 2053 523 2097 mentis
555 2052 686 2095 aciem
711 2053 765 2095 ad
798 2065 866 2096 res
897 2065 1151 2097 communes
1178 2064 1224 2098 et
1248 2054 1295 2098 in
1323 2053 1464 2100 medio

225 2130 393 2187 positas
415 2138 637 2172 convertat
651 2161 666 2182 ‚
698 2138 790 2172 tum
817 2142 924 2174 vero
945 2130 1161 2175 caecutire
1181 2141 1225 2175 et
1243 2130 1471 2188 ,vertigine

224 2206 404 2260 corripi.
463 2203 562 2248 Hoc
593 2206 695 2258 ille,
726 2217 854 2259 quem
890 2218 974 2250 nos
1006 2206 1240 2262 fingimus,
1281 2218 1372 2251 non
1397 2205 1468 2250 fa·

221 2284 327 2329 ciat.
355 2283 481 2327 *eum
508 2282 621 2326 enim
645 2283 804 2338 duplex
824 2282 883 2326 sit
902 2281 1214 2338 Philosophiae
1234 2284 1423 2330 officium
1435 2308 1465 2340 ,-

222 2364 400 2409 alterum
431 2364 549 2416 quod
571 2362 617 2406 in
655 2361 1016 2419 contemplando,
1044 2363 1225 2406 alterum
1258 2365 1379 2418 quod
1410 2364 1484 2409 in·

224 2438 389 2502 agendo
409 2439 616 2484 consistit
629 2466 653 2494 ,-
678 2449 807 2495 turpe
835 2437 920 2483 sibi
951 2439 1082 2484 ducet
1102 2440 1352 2489 alterutnum
1385 2441 1460 2487 de·

1371 2530 1461 2564 ser·
