1624 3016
300 154 482 202 VITA
532 154 594 201 D.
648 153 1102 203 RUHN’KENII.
1251 148 1345 216 ᾗς

106 283 225 331 filiae
249 280 422 338 maioris
449 280 600 325 morbo
629 279 751 336 gravi
777 292 875 324 sane
895 290 937 325 et
961 279 1237 335 periculoso,
1269 279 1347 336 qul

114 371 168 403 eo
202 359 499 402 vehementius·
526 370 621 402 eum
655 358 863 414 angebat,
898 358 1017 412 quod
1054 358 1147 402 sola
1173 357 1274 403 haec
1307 358 1350 404 ei

113 444 201 479 erat
225 434 407 479 familiae
441 446 538 493 pars
575 435 767 490 integra,
804 433 935 489 cuius
968 432 1267 478 incolumitate
1299 445 1352 479 se

108 511 323 555 recreabat
353 523 401 555 ac
429 510 700 556 sustentabat
722 509 768 554 in
792 509 938 556 uxoris
961 518 1005 553 et
1028 510 1209 554 minoris
1238 511 1353 557 filiae

112 588 367 634 calamitate.
430 586 518 633 Vix
551 586 652 631 dum
689 586 762 629 illa
794 586 1055 638 revaluerat,
1084 597 1184 630 curn
1205 598 1351 632 novus

114 668 273 712 accidit
317 667 444 712 dolor
483 677 535 711 ex
585 665 707 709 obitu
748 664 963 709 Francisci
1006 663 1354 721 Hemsterhusii,

115 756 306 798 quocum
342 743 382 786 ei
419 740 603 786 fraterna
630 739 944 798 propemodum
980 740 1256 784 necessitudo
1283 740 1353 784 in.

113 822 350 868 tercedebat
378 831 419 865 et
449 820 638 874 caritas,
670 817 785 862 haud
821 829 949 862 secus
985 827 1115 873 atque
1143 818 1350 872 adoptato

112 899 205 944 filio
239 911 336 944 cum
361 911 578 956 germano.
638 897 770 955 Quod
794 908 922 952 supra
953 895 1043 940 dixi
1074 896 1127 940 de
1152 896 1354 942 adversa-

114 967 192 1021 riis
217 976 380 1032 patris,
411 989 501 1041 non
525 975 584 1020 ita
610 974 907 1030 accipiendum
937 983 1034 1027 est,
1061 985 1110 1017 ac
1138 971 1178 1016 si
1205 984 1254 1018 et
1282 964 1351 1017 ix»

21 1096 28 1111 ¹
114 1054 402 1098 tercidIssent.
459 1053 642 1099 Inventa
673 1061 776 1097 sunt
815 1052 1019 1108 quidem,
1048 1050 1124 1096 sed
1146 1063 1223 1107 spe
1245 1063 1353 1106 pau·

113 1130 261 1182 cioraz
292 1131 424 1187 libri,
454 1133 548 1190 ejus
577 1143 706 1176 manu
735 1130 904 1185 notati,
935 1130 1182 1184 complures
1205 1128 1352 1184 subje-

111 1205 174 1250 cti
198 1217 302 1250 sunt
324 1219 423 1250 cum
466 1205 643 1261 reliquis
675 1205 899 1261 auctioni,
930 1207 1006 1250 sed
1041 1205 1231 1250 emtione
1254 1204 1355 1248 vin-

112 1281 242 1330 dlcati
264 1282 549 1329 bibliothecae
573 1281 996 1338 Lugdunobatavae.
1059 1282 1253 1338 Tempus
1285 1295 1354 1327 re-

111 1359 196 1405 bus
231 1359 432 1406 secundis
465 1359 743 1415 adversisque
771 1358 987 1412 mixtum,
1020 1369 1068 1403 ut
1094 1360 1230 1415 magis
1265 1360 1354 1404 lae·

114 1446 206 1481 tum
232 1449 359 1492 quam
381 1437 505 1481 triste
525 1436 767 1491 videretur,
788 1434 930 1482 effecit
951 1437 1180 1481 arcessitus
1203 1437 1227 1481 ὂ
1251 1436 1351 1482 Fra-

114 1524 353 1568 nequerana
375 1513 572 1557 cathedra
594 1525 737 1557 novus
757 1513 923 1568 collega
937 1545 953 1567 ‚
968 1513 1351 1570 Jurisconsultus‚

113 1585 498 1644 Smallenburgius.
556 1588 642 1632 Hic
669 1597 767 1635 ante
794 1602 959 1645 paucos
995 1603 1131 1635 annos
1158 1590 1354 1646 discipu-

115 1665 187 1714 lus
213 1665 258 1710 in
291 1666 443 1721 primis
477 1667 734 1722 probaverat
771 1667 810 1711 ei
842 1667 1033 1714 studium
1066 1667 1269 1723 elegantis
1306 1668 1354 1713 iu

113 1742 460 1805 jurisprudentia
479 1744 658 1789 rationis
685 1745 711 1789 a
733 1743 991 1789 Graecarum
1017 1742 1357 1800 Latinarumque

115 1819 360 1865 Literarum
402 1820 654 1877 cognitione
690 1821 871 1866 ductae:
914 1834 1029 1867 nunc
1068 1821 1357 1868 Ruhnkeuius

116 1897 324 1953 collegam
370 1908 467 1941 eum
513 1897 583 1940 sui
630 1897 1002 1942 studiosissimum
1035 1908 1264 1953 expertus,
1303 1910 1357 1943 eo

119 1973 256 2030 tnagis
276 1975 486 2028 praeclara
513 1973 610 2031 ejus
628 1974 854 2028 doctrina,
885 1986 1059 2029 amore,
1089 1986 1140 2018 ac
1175 1974 1361 2021 familia-

115 2050 240 2099 ritate
260 2049 564 2096 delectabatur.

176 2126 307 2173 Redit
323 2128 465 2170 denuo
484 2127 536 2173 ad
565 2125 847 2171 Scholiastam
861 2127 1132 2176 Platonicum
1157 2129 1358 2188 (1792)z

122 2216 172 2251 ac
202 2205 344 2248 denuo
375 2204 473 2249 inde
506 2214 746 2258 avocatur,
786 2213 926 2251 vetere
974 2205 1049 2253 illa
1086 2206 1367 2262 perfectionis

123 2282 329 2338 opinione
361 2295 410 2327 ac
441 2294 527 2338 spe
557 2282 610 2327 ad
638 2282 848 2339 Vellejum
882 2283 1122 2330 traductus.
1167 2267 1286 2332 ⁴Inde
1309 2284 1364 2328 ab

115 2363 177 2409 ‘eo
201 2360 353 2414 edito,
382 2373 459 2417 per
488 2360 688 2409 tredecim
726 2372 865 2407 annos
898 2362 1083 2405 multum
1113 2362 1199 2417 ipsi
1225 2374 1365 2407 novae

126 2438 432 2488 emendationis
467 2438 698 2482 subnatum
735 2448 850 2482 erat:
883 2438 1015 2494 hujus
1046 2439 1255 2484 nonnulla
1290 2453 1369 2488 oe·

125 2524 388 2576 cupaverant
418 2514 575 2564 intem
613 2513 689 2565 alii
724 2512 808 2561 viri
838 2515 985 2562 doctiz
1015 2512 1112 2575 lpse
1140 2514 1204 2560 nil
1226 2515 1373 2571 minus

111 2605 113 2609 ·
1288 2593 1377 2644 fet-
