1624 3016
337 152 523 203 v-ITA
568 152 628 201 D.
678 142 1127 202 RunNszt
1260 143 1361 213 §33

118 270 273 333 senius
298 289 448 335 postea
471 277 655 323 subinde
675 278 851 336 agitavit
876 278 1107 323 eonsilium
1123 307 1140 331 ‚
1169 275 1246 332 qui
1260 274 1352 320 Ca-

117 356 282 405 tnemrii
303 356 436 400 libros
460 355 515 399 ad
537 367 630 398 eum
657 354 860 410 paulatim
885 353 1061 410 collegit
1087 363 1347 406 numerum,

118 442 168 477 ut
190 434 241 476 ad
261 445 470 477 summam
494 430 743 487 paucissimi
764 430 1070 474 desiderentur.

134 514 140 521 '
175 511 400 555 Caeterum
427 507 716 554 Ruhnkenius
740 504 1032 563 Wittebergae
1052 505 1254 550 nonnihil
1272 505 1356 550 eti·

118 598 184 632 am
218 600 370 643 operae
393 587 545 631 tribuit
571 583 734 628 scholis
764 581 1120 634 Mathematieis‚
1150 580 1359 625 Dialecti-

116 665 212 718 eis‚
241 675 282 709 et
306 674 404 709 vero
424 659 766 719 Metaphysicis,
798 671 909 716 quae
927 660 980 703 ad
999 657 1203 703 rationem
1226 657 1355 702 Wol-

116 741 273 787 fianam
304 741 598 786 habebanturz
629 739 687 782 ita
709 737 912 793 quidem,
943 744 992 779 nt
1016 743 1242 791 gustaret,
1271 744 1353 778 nee

117 818 363 873 ignoraret,
395 814 742 870 Philosophiam.
803 813 862 857 Et
889 811 1009 867 quod
1039 810 1190 866 Nepos
1214 810 1275 854 ait
1302 811 1357 854 de

118 894 274 941 Attico
300 893 324 948 (
344 904 391 936 11
410 891 465 947 ),
495 892 652 948 attigit
675 902 840 949 quoque
855 890 1049 948 poeticen
1062 917 1079 942 ‚
1105 886 1325 931 credimus
1339 912 1359 941 ‚

117 984 172 1015 ne
194 970 286 1025 q'us
308 980 459 1028 expers
494 977 599 1013 essct
635 967 902 1013 suavitatis:
928 966 1037 1012 idem
1064 964 1117 1009 de
1146 965 1297 1010 studio
1329 976 1356 1009 ι

117 1058 165 1092 ae
195 1043 502 1098 Philosophiae
534 1042 752 1098 impertito
786 1042 926 1086 dicere
960 1041 1124 1085 solebat
1146 1039 1356 1085 Ruhnke-

118 1125 218 1171 nius
233 1157 250 1180 ‚
263 1125 510 1186 suavitatem
532 1122 810 1176 fructumque
832 1117 1135 1174 Philosophiae
1156 1118 1353 1175 positum

113 1213 209 1246 esse
242 1202 287 1247 in
322 1201 487 1244 ratione
521 1210 563 1243 et
595 1198 763 1252 forma,
786 1210 874 1243 non
904 1198 949 1241 in
971 1198 1143 1242 materia
1163 1206 1207 1241 et
1227 1208 1356 1252 argu·

113 1287 290 1331 mentog
324 1277 487 1332 quippe
507 1278 563 1323 de
577 1278 704 1333 euius
731 1276 909 1320 veritate
928 1275 1072 1320 omnia
1095 1287 1192 1320 esse
1213 1275 1355 1321 ineer-

111 1365 174 1403 ta.
232 1355 302 1403 De
337 1367 427 1409 quo
452 1356 649 1410 equidem
675 1364 726 1399 ut
753 1355 890 1400 nolim
923 1364 1133 1409 statuere,
1164 1354 1223 1399 ita
1244 1356 1352 1402 illud

112 1431 231 1478 haud
277 1429 526 1475 dubitanter
558 1429 790 1484 affirmem,
828 1430 1137 1476 Ruhnkenium
1169 1443 1222 1476 ex
1251 1433 1351 1487 illa,

113 1518 409 1564 quaecumque
441 1505 555 1561 fuit,
594 1506 901 1562 Philosophiae
930 1508 1204 1564 cognitione,
1232 1510 1353 1567 ejus·

110 1585 230 1632 modi
253 1596 426 1629 sensum
444 1583 694 1640 ingeniique
716 1584 909 1629 habitum
935 1585 1137 1639 traxisse,
1154 1595 1204 1629 ut
1224 1595 1353 1644 post-

110 1674 159 1708 ea
188 1660 485 1717 Philosophus
507 1660 683 1705 Veteres
709 1670 751 1706 et
774 1663 928 1718 legeret
951 1660 1187 1714 libentius,
1209 1673 1252 1707 et
1282 1664 1350 1709 in·

108 1739 321 1795 telligeret
343 1737 515 1793 facilius
530 1770 546 1792 ‚
576 1750 703 1795 quam
739 1739 882 1783 solent
902 1737 992 1782 fere
1014 1739 1170 1784 literati
1195 1740 1349 1786 Philo-

109 1813 292 1869 sophiae
326 1813 490 1872 1gnari=
532 1821 623 1859 tum
658 1827 761 1860 vero
794 1816 1064 1871 eloquentiae
1095 1814 1345 1865 facultatem

107 1889 409 1936 corroborasse
431 1921 450 1946 ‚
490 1903 668 1948 eamque
709 1892 945 1940 disserendi
989 1896 1348 1943 consuetudinem

105 1966 312 2017 duxisse,
343 1978 452 2021 quae
486 1967 533 2014 in
570 1968 774 2013 omnibus
798 1968 892 2024 ejus
915 1969 1008 2025 ejus
1029 1969 1207 2024 seriptis
1228 1983 1354 2014 eom·

43 2090 51 2096 ,
107 2042 533 2098 mentatiouibusque
563 2054 769 2100 apparet,
797 2043 1057 2100 definiendi,
1088 2045 1352 2094 distribuen-

88 2117 180 2171 idi,
211 2119 562 2175 argumentandI‚
594 2129 636 2164 et
669 2132 754 2164 nem
789 2133 1004 2176 quamque
1029 2134 1112 2167 suo
1143 2124 1243 2169 loco
1263 2138 1351 2181 po·

105 2195 266 2240 nendi=
298 2196 462 2250 quibus
498 2195 651 2242 officiis
684 2198 919 2254 neglectis,
950 2199 1045 2244 laus
1067 2202 1353 2256 perspicuits·
1389 2218 1414 2239 ι

0 2283 10 2291 ”
105 2272 170 2316 tis
196 2272 542 2328 elegantiaeque,
571 2283 613 2318 et
643 2275 820 2320 omnino
845 2277 952 2319 bene
976 2276 1190 2324 scribendi
1210 2277 1352 2340 facul-

106 2355 172 2393 tas
191 2378 208 2402 ‚
234 2357 400 2392 exstare
420 2348 539 2394 nulla
563 2359 726 2406 potest.

1271 2410 1352 2461 1„-

152 2523 236 2593 (u
256 2522 283 2580 )
309 2527 409 2578 cap.
435 2527 495 2570 18·
1065 2503 1091 2514 ἱ

755 2576 826 2626 1.1
853 2588 889 2635 4
