1624 3016
315 151 388 208 m
417 153 776 206 PLUTARcm
810 152 1117 201 MORALm.
1253 159 1347 213 43,-

104 289 210 337 lucc
233 275 436 331 tamenin
461 275 631 330 scriniis
653 293 793 328 servat
818 280 976 326 interea
993 268 1094 324 dum
1125 275 1341 336 vulgum?

103 363 408 420 opportunitas
433 360 659 406 offeraturz
691 358 776 402 nisi
800 355 840 400 ai
875 356 975 411 quis
1005 354 1257 411 pueriliter,
1286 358 1345 397 ut·

102 442 165 486 ita
200 440 334 484 dicam
349 470 366 493 ,
405 438 668 490 edituriens‚
710 431 947 488 quotannis
990 424 1340 475 Animadversio-

107 528 211 561 num
236 516 429 560 libellum
453 514 625 568 vulgare
642 503 746 554 velit
761 539 778 562 ‚
809 508 970 562 quibus
1007 517 1174 551 veteres
1206 517 1345 551 retra..

110 602 225 646 etet,
254 601 297 636 et
317 603 454 636 novas
479 589 580 633 item
607 585 852 631 subitaneae
879 585 1004 628 addat
1025 583 1223 639 proximo
1247 594 1343 627 rur·

112 682 189 713 sus
209 681 323 714 anno
343 680 385 712 et
405 666 554 710 libello
578 661 890 716 retractandas3
921 669 971 704 ut
989 659 1155 704 seilicet
1171 669 1344 715 partum

114 745 208 799 ipse
229 755 355 789 suum
381 749 596 795 ostentet,
625 751 703 785 nec
726 739 820 796 ejus
847 737 1026 795 gloriam
1049 737 1132 781 sibi
1163 738 1218 781 ab
1254 737 1343 782 alio

110 820 294 878 praeripi
318 819 459 872 sinat,
486 819 624 872 Μότκ
646 819 763 869 κῦδος
781 817 912 874 ὄροιτο
933 816 1078 871 βαλὸν
1092 845 1109 868 ,
1140 817 1162 862 ὃ
1190 817 1232 862 al
1253 815 1345 862 zai·

110 913 217 950 rem
239 898 355 943 ἔλθοι.
395 894 526 940 Unus
547 893 732 939 fortasse
750 903 816 937 eat
833 893 1164 938 commentarius
1187 892 1344 938 Ruhn-

114 973 229 1018 kenii
259 973 303 1017 in
338 971 503 1016 Timaei
533 962 736 1016 Lexicon¹
750 969 1050 1025 Platonicum,
1082 982 1134 1014 ex
1156 969 1348 1015 editione

109 1051 269 1104 altera,
299 1050 372 1094 cui
409 1051 474 1095 nil
509 1050 561 1094 ad
595 1047 911 1093 absolutionem
936 1047 1061 1092 desit.
1120 1045 1205 1091 Sed
1243 1046 1344 1102 quia

111 1130 254 1182 dicat,
286 1141 375 1172 non
409 1140 496 1173 uno
522 1136 594 1172 aut
624 1128 756 1171 altero
780 1127 882 1170 loco
920 1124 1024 1180 quid
1054 1123 1149 1169 addi
1177 1123 1343 1181 posse?

111 1205 461 1259 quandoquidem
493 1215 540 1248 ea
571 1213 639 1249 est
685 1191 839 1247 horum
877 1214 1055 1258 operum
1099 1211 1247 1247 natura
1296 1212 1348 1247 ut

110 1293 279 1337 semper
310 1281 548 1337 accessioni
582 1282 707 1325 loeus
743 1281 1026 1334 relinquatur.
1095 1280 1274 1334 Atque,
1308 1278 1349 1324 si

110 1358 218 1414 quid
246 1357 396 1413 video’,
428 1369 539 1402 unus
562 1355 648 1401 fuit
674 1366 775 1412 post
810 1365 975 1401 renatas
995 1356 1167 1402 Literaa
1192 1356 1349 1402 Ruhn-

111 1432 266 1478 kenius
295 1444 346 1479 ex
380 1432 531 1488 paucis
566 1432 653 1486 iis,
693 1432 857 1488 quibus
897 1432 980 1478 hoc
1019 1434 1065 1478 in
1098 1434 1342 1478 studiorum

112 1524 291 1568 genere,
322 1525 402 1570 par
427 1525 525 1558 cum
562 1513 743 1558 efficacia
776 1513 992 1569 facilitas,
1032 1527 1112 1571 par
1145 1527 1244 1559 cum
1277 1527 1345 1560 se-

111 1591 259 1635 cundo
284 1591 481 1636 fortunae
504 1591 607 1636 flatu
633 1592 894 1648 gubernandi
917 1591 1089 1637 solertia
1119 1591 1340 1650 obtigerit.

116 1670 328 1726 Equidem
361 1671 454 1726 ipse
487 1683 664 1728 quoque
686 1673 732 1716 in
755 1672 989 1717 Plutarcho
1010 1672 1238 1717 editionem
1263 1673 1345 1718 mi-

111 1747 162 1792 hi
182 1760 489 1804 proposueram
506 1748 711 1793 omnibus
733 1748 920 1792 numeris
944 1748 1179 1794 absolutam
1194 1762 1344 1805 ,prae-

113 1823 260 1870 sertim
294 1824 411 1880 quod
446 1825 499 1871 ad
529 1825 819 1882 colligendum
843 1825 1062 1871 doctrinae
1082 1827 1339 1882 tpparatum

110 1903 281 1948 attinet.
340 1903 400 1949 At
423 1915 526 1949 mox
547 1904 850 1957 animadverti,
880 1906 1103 1966 melmajus
1125 1906 1343 1961 quoddam

113 1994 244 2036 quam
274 1994 356 2036 pro
383 1981 569 2027 humano
592 1992 636 2026 et
658 1992 790 2039 captu
814 1994 857 2027 et
879 1983 994 2028 vitae
1020 1984 1166 2040 spatio
1188 1996 1343 2030 conee-

108 2056 250 2114 pissee
294 2069 440 2119 meum*
472 2058 746 2113 propositum
780 2069 832 2103 ex
868 2058 942 2103 illa
975 2048 1264 2116 magnitudine
1298 2061 1346 2106 in

108 2137 312 2182 arctiores
343 2137 450 2183 fines
485 2139 643 2194 redegi.
701 2140 851 2195 ltaque
874 2140 959 2184 hoe
986 2151 1232 2199 teneamus,
1260 2121 1347 2189 rio-⁰

109 2221 205 2257 stro
238 2225 319 2256 nos
368 2214 546 2258 modulo
585 2215 823 2259 metiamur.
897 2214 968 2260 Ne
1001 2229 1221 2274 speremus
1257 2232 1342 2267 noe

85 2328 90 2334 .
112 2301 279 2333 omnem
306 2289 439 2334 futuri
465 2291 709 2347 interpretis
736 2304 906 2348 operam
936 2307 1173 2350 occupasse
1197 2309 1246 2342 ae
1267 2309 1345 2343 au·

114 2377 410 2421 pervacaneam
436 2367 687 2427 reddidisse.
745 2371 806 2414 At
827 2371 1048 2423 spei-'emus
1069 2368 1241 2428 operam
1262 2387 1345 2420 no·

114 2455 243 2490 stram
270 2445 534 2492 inventuram
571 2459 732 2503 aequos
753 2449 1124 2506 intelligentesque
1141 2452 1341 2509 iudices,

113 2519 189 2579 qui
212 2533 301 2565 eam
324 2533 375 2565 ex
401 2524 558 2581 maJ‘ore
579 2534 780 2569 censeant
806 2537 953 2583 parte,
982 2539 1144 2574 errores
1164 2531 1345 2574 nostroe

704 2600 775 2645 Ff
811 2613 839 2659 3
1239 2617 1341 2650 cum
