1624 3016
212 131 277 181 ,4
404 110 637 163 omino
665 108 746 159 mr
775 108 1250 172 comuncrtoms

218 241 366 297 Cujus
398 245 647 283 contemtus
691 249 845 282 caussa
880 234 924 279 in
956 235 1090 291 ipsam
1120 236 1448 295 Philosophiam

216 318 365 364 cadere
405 313 602 370 profecto
642 323 731 358 non
764 320 927 367 potest.
1002 308 1144 355 Nemo
1177 312 1288 356 euim
1322 312 1449 356 facile

218 405 305 439 tam
353 392 614 436 inhumanus
653 390 902 444 ferreusque
942 387 1198 441 reperiatur,
1235 389 1342 443 quin
1375 401 1453 433 eo·

223 474 339 529 gnita
375 470 467 527 ejus
501 468 790 526 praestantia,
821 465 957 511 veluti
992 462 1234 510 divinitatis
1267 466 1455 520 quodam

222 548 451 604 splendore
497 545 759 603 perculsus,
813 555 901 589 estu
951 555 1002 587 cx
1049 542 1193 588 animo
1237 552 1458 587 veneretur

224 636 482 678 summoque
533 623 697 668 honore
753 630 1058 678 prosequatur.
1138 619 1297 664 Verum
1345 619 1461 676 ipsi,

226 701 304 756 qui
337 713 427 744 earn
457 700 744 756 profitentur,
774 699 882 742 hanc
919 695 1222 752 Philosophiae
1242 698 1463 753 adsperso·

230 788 332 822 runt
362 777 526 833 labem3
559 777 637 832 qul
673 789 771 821 cum
808 778 851 820 in
874 788 919 819 ea
954 776 1141 819 docenda
1165 774 1467 819 commendau-

231 857 373 911 daque
396 865 634 911 perversam
674 864 949 907 sequerentur
979 852 1211 906 rationem,
1241 851 1466 896 hominum

231 942 351 975 error
373 931 426 976 ad
451 930 587 986 ipsam
618 929 887 984 disciplinam
914 930 1137 973 traductus
1161 940 1257 984 est,
1285 943 1332 976 ac
1367 929 1469 974 Phi-

230 1008 461 1063 losophia,
492 1018 591 1050 cum
615 1005 756 1050 omnis
781 1003 1000 1048 felicitatis
1033 1018 1143 1048 esset
1166 1006 1471 1061 conciliatrix,

232 1078 452 1139 nugarum
495 1081 852 1136 somniorumque
904 1078 1052 1135 opifex
1102 1080 1190 1126 dici
1237 1081 1470 1139 haberique

231 1160 398 1217 coepit.

293 1238 440 1296 Hujus
468 1237 725 1284 calamitatis
757 1236 892 1284 veluti
925 1236 1090 1283 fontem
1118 1238 1156 1282 si
1178 1231 1375 1296 indagare
1401 1250 1475 1284 vc-

238 1316 395 1371 limus,
422 1329 447 1361 a
479 1316 647 1374 duplici
676 1316 900 1361 hominum
933 1326 1085 1375 genere
1116 1327 1309 1360 manasse
1332 1315 1476 1360 vides·

239 1407 329 1442 tur.
386 1394 501 1440 Cum
529 1395 640 1441 enim
669 1404 811 1439 essent
844 1393 921 1449 qui
947 1407 993 1438 se
1013 1405 1055 1438 et
1076 1394 1485 1450 Phuosophosdies

237 1480 281 1517 et
308 1473 507 1530 imperito
552 1456 687 1529 vulgo
726 1472 942 1518 venditare
982 1478 1216 1528 cuperent',
1256 1474 1478 1525 abstrusae

235 1550 567 1605 reconditaeque
611 1538 814 1595 scientiae
856 1551 1043 1607 speciem
1074 1549 1352 1606 affectarunt,
1394 1551 1475 1597 hsc

175 1668 179 1673 .
236 1640 287 1672 se
312 1629 559 1686 jactarunt,
590 1638 633 1672 et
656 1627 929 1673 sanctissima
957 1628 1270 1690 Philosophiae
1294 1629 1478 1674 sacraris

231 1698 500 1762 opinionum
555 1705 793 1761 inanitate,
846 1706 1176 1752 distinctionum
1239 1705 1478 1768 futilitate,

236 1781 553 1840 verborumque
581 1782 774 1828 barbarie
809 1784 1081 1838 repleverunt
1108 1793 1239 1839 atque
1260 1796 1482 1841 consput-

237 1871 460 1908 caverunt.
518 1861 602 1905 Sed
627 1861 709 1905 hos
733 1861 904 1916 quidem
942 1861 1080 1916 irato,
1111 1874 1201 1924 quo
1228 1862 1319 1907 nati
1341 1871 1480 1921 sunt,

239 1938 389 1984 Genio
418 1938 734 1995 relinquamus!
796 1941 994 1985 Alterum
1034 1952 1172 1996 genus
1205 1953 1352 1994 eorum
1382 1951 1481 1996 est,

243 2019 351 2075 qui,
391 2029 490 2062 cum
521 2018 664 2063 animo
700 2018 868 2074 quidem
907 2019 962 2062 ad
992 2018 1323 2075 Philosophiam
1361 2002 1485 2065 accc-

243 2099 390 2142 derent
421 2097 625 2151 meliore,
666 2108 807 2142 errore
835 2108 976 2141 tamen
1010 2098 1252 2141 laberentur
1281 2111 1371 2143 non
1404 2099 1487 2148 mi-

231 2189 340 2225 ,nus
365 2175 509 2232 gravi.
561 2175 661 2220 Visi
693 2176 802 2220 enim
828 2175 914 2219 sibi
943 2186 1048 2219 sunt
1071 2176 1125 2220 ad
1148 2188 1366 2222 summum
1389 2177 1485 2234 ejus

228 2241 468 2309 ,fastigium
516 2239 772 2296 adscendere
813 2262 974 2306 posse,
1025 2250 1090 2304 si,
1142 2252 1281 2296 omni
1308 2252 1488 2296 omnino

245 2330 422 2375 aliarum
458 2331 786 2385 disciplinarum
827 2311 1119 2379 instrumento
1154 2330 1382 2383 destituti,
1421 2330 1486 2375 nil

248 2407 336 2457 nisi
370 2407 776 2463 contemplationis,
821 2415 870 2450 ut
910 2405 1154 2461 vocabant,-
1196 2419 1323 2459 usum
1356 2418 1489 2461 atqu·

804 2496 811 2501 “
1415 2493 1489 2529 23·
