1624 3016
640 333 1097 391 VITA

291 616 722 688 DAVIDIS
808 619 1438 688 RUHNKENII·

247 1087 388 1186 De
417 1145 783 1181 annumerato
815 1144 859 1180 et
894 1148 1013 1184 meus
1058 1149 1123 1182 me
1146 1138 1272 1182 dolor
1303 1139 1491 1187 scribere

248 1212 402 1274 jubet,
441 1221 483 1254 et
525 1211 607 1255 viri
642 1212 782 1256 virtus
797 1244 814 1266 ‚
855 1224 897 1257 et
934 1226 1035 1258 vcro
1082 1214 1286 1262 bonarum
1322 1217 1488 1262 emolu-

255 1300 445 1334 mentum
473 1287 732 1336 Literarum.
792 1289 958 1346 Quidni
978 1291 1093 1346 *enim
1120 1291 1282 1334 doleam
1309 1292 1488 1336 orbatus

252 1380 352 1412 cum
387 1367 526 1411 amico
557 1367 946 1422 conjunctissimo,
988 1378 1077 1410 tum
1114 1368 1291 1411 doctore
1322 1368 1487 1414 unico?

253 1447 347 1496 Aut
375 1445 540 1489 doloris
572 1445 684 1488 unde
716 1457 855 1500 petam
887 1446 1046 1489 certius
1072 1444 1386 1500 honestiusque
1417 1459 1492 1491 ⁸0-

256 1522 406 1567 latium
422 1553 438 1574 ,
470 1532 598 1575 quam
635 1532 685 1564 ex
719 1521 832 1563 vitae
856 1519 1159 1574 factorumque
1183 1521 1323 1575 ipsius
1346 1533 1491 1568 recor-

254 1599 467 1646 datione?
527 1598 662 1656 Quod
685 1599 724 1642 si
749 1612 837 1644 non
860 1608 1005 1644 tantus
1021 1614 1048 1674 ὃ·
1068 1609 1258 1653 quantus
1278 1597 1395 1654 fuit,
1425 1600 1492 1647 vir

256 1678 415 1724 fuisset
450 1676 770 1731 Ruhnkenius;
815 1688 953 1721 tamen
992 1687 1034 1720 et
1068 1677 1251 1721 officium
1278 1687 1321 1720 et
1354 1680 1492 1733 pietas

255 1752 531 1810 postulabat,
573 1762 623 1796 ut
667 1755 797 1798 cuius
832 1755 922 1798 vivi
964 1755 1188 1799 amicitiam
1229 1754 1488 1811 columem,

256 1831 445 1887 ejusdem
472 1830 631 1873 mortui
658 1830 904 1880 memoriam
929 1831 1287 1879 commendarem.
1326 1828 1495 1887 Nunc,

259 1920 394 1963 quum
421 1907 493 1950 ille
515 1908 708 1950 omnium
736 1919 984 1961 consensu,
1016 1921 1129 1951 unus
1155 1907 1198 1950 in
1220 1907 1370 1961 paucis
1391 1914 1494 1960 post

257 1994 423 2031 renatas
435 1984 625 2038 Litteras,
640 1996 780 2027 earum
801 1982 933 2028 fuerit
957 1985 1131 2039 ingenio
1151 1983 1432 2037 doctrinaque
1448 1992 1493 2028 et

256 2065 458 2121 princeps
477 2071 518 2105 et
536 2072 699 2116 stator,
724 2061 848 2116 isque
868 2063 892 2107 ὲ
915 2062 1123 2118 singulari
1138 2071 1180 2104 et
1202 2060 1381 2104 maxime
1397 2071 1491 2105 raro

259 2150 505 2186 naturarum
522 2150 700 2192 genere,
715 2149 826 2191 quae
840 2137 1052 2180 immunes
1071 2150 1095 2180 a
1117 2137 1187 2180 sui
1209 2136 1367 2181 saeculi
1386 2149 1495 2180 con·

258 2215 460 2270 tagione,
483 2216 671 2271 integrae
692 2214 968 2268 sinceraeque
992 2214 1018 2259 a
1047 2212 1180 2267 prisci
1201 2212 1382 2257 sanitate
1401 2208 1496 2255 aevi

260 2294 507 2349 prodeunt;
539 2305 593 2337 eo
623 2292 752 2339 nobis
781 2295 929 2337 minus
953 2290 1303 2334 committendum
1328 2298 1421 2340 est,
1440 2297 1493 2333 ut

259 2380 421 2415 tantam
447 2382 530 2415 tam
554 2372 804 2415 inusitatam
829 2371 1025 2413 virtutem
1054 2370 1222 2414 tacitam
1246 2370 1362 2413 abire
1377 2368 1494 2412 sina·

259 2460 375 2492 muS.
426 2448 556 2491 Vivet
591 2448 763 2502 quidem
795 2449 889 2504 ejus
909 2448 1032 2501 laus,
1059 2445 1370 2490 immortalibus
1391 2456 1497 2500 pro·

255 2525 346 2573 dita
369 2525 556 2574 inventis
592 2539 642 2571 ac
678 2525 902 2574 doctrinae
924 2524 1215 2574 monumentis
1230 2538 1246 2570 z
1273 2532 1317 2567 et
1344 2521 1491 2576 vivet,

1418 2598 1487 2641 vel

1591 2301 1624 2578 j}

1596 2583 1624 2665 ἐξ
