1624 3016
227 199 254 243 4
593 169 1096 221 ΕΡῐετοιΛ

222 314 354 372 ropac
376 297 674 345 venustiorum
698 305 738 341 et
762 296 958 351 antiquae
981 294 1264 341 Graecanicae
1284 297 1449 353 elegam

225 383 306 427 tiae
337 376 661 429 studiosorum,
704 373 1057 428 exquisitissimis
1089 373 1201 425 Tuis
1232 386 1450 420 commen.

222 454 492 508 unionibus,
524 462 564 496 et
599 449 875 504 antiquorum
909 450 1169 504 scriptorum
1201 448 1448 505 interpreta-

224 532 450 588 tionibus,
480 529 526 574 in
553 528 620 572 Te
645 536 846 581 tanquam
882 525 1116 581 principem
1144 525 1290 569 harum
1309 528 1447 570 litera-

220 623 343 665 rum,
377 618 478 664 post
498 605 812 649 Ilemsterhusis‘
833 603 944 647 beati
970 613 1146 646 mortem
1162 631 1179 654 ,
1209 602 1446 646 convertis-

218 686 280 741 ti,
311 696 388 730 nec
425 683 511 730 nisi
560 680 909 732 Vallcenarium,
952 679 1057 723 Tibi
1106 677 1444 731 amicissimum,

217 764 402 818 habeas,
446 759 521 816 qui
552 758 777 812 doctrina,
819 758 960 812 fama,
1003 756 1252 818 meritisque
1279 754 1445 803 Tecum

216 843 263 888 in
285 842 367 887 hoc
394 851 542 897 genere
564 839 819 885 contendere
851 836 994 890 ausit,
1026 836 1164 880 mirari
1198 835 1270 879 Tu
1305 834 1447 888 itaque

215 930 303 966 non
341 917 497 970 debes,
529 915 568 959 si
601 913 792 968 equidem
822 913 956 955 homo
991 913 1164 967 ignotus
1188 910 1359 966 publice
1379 907 1422 951 T
1423 920 1448 952 ο

213 999 470 1053 compellare
503 993 754 1041 sustineam.
798 991 844 1035 Si
872 990 976 1045 quid
999 990 1109 1036 enim
1132 1003 1155 1032 a
1175 990 1312 1033 me'in
1337 989 1443 1033 doc·

213 1075 385 1120 tissimo
418 1077 699 1128 imperatore,
732 1069 776 1114 in
811 1069 939 1125 cujus
974 1067 1148 1122 scriptis
1179 1065 1447 1122 elegantissi-

213 1155 296 1199 mis
320 1149 593 1199 emendandis
614 1158 787 1203 operam
810 1158 942 1202 meam
957 1143 1141 1203 positam
1168 1142 1445 1197 victamne-

210 1231 362 1276 stitum
387 1211 479 1280 est,
511 1226 552 1269 id
578 1236 768 1281 magnam
796 1231 955 1279 partem
991 1220 1094 1264 Tibi
1133 1219 1335 1273 debetur,
1366 1218 1444 1273 qui

211 1309 264 1355 ad
300 1307 459 1362 iustam
501 1303 699 1347 Platonis
730 1299 1021 1356 cognitionem
1064 1299 1152 1341 dux
1186 1295 1288 1340 mihi
1320 1293 1447 1339 fuisti

210 1383 502 1439 praecipuus-»3
545 1380 598 1424 de
621 1380 747 1436 cujus
778 1389 862 1422 usu
893 1389 1002 1432 quae
1031 1375 1104 1423 Tu
1136 1376 1188 1419 ad
1225 1374 1446 1418 Timaeum

210 1458 374 1516 egregie
410 1456 688 1513 praecepisti,
727 1465 768 1507 et
805 1454 1010 1517 exemplis
1044 1453 1340 1506 confirmasti,
1369 1452 1446 1500 vix

211 1537 354 1596 dicere
377 1546 554 1589 possum
581 1542 787 1588 quantum
809 1545 855 1576 ea
882 1532 985 1575 mihi
1018 1530 1261 1587 profuerint
1292 1532 1345 1574 ad
1375 1542 1449 1580 ex·

212 1611 467 1670 poliendum
506 1608 763 1665 Julianum.
823 1608 957 1666 Quod
982 1606 1068 1651 nisi
1096 1616 1217 1663 grato
1240 1617 1460 1675 agnosce3

205 1697 297 1730 rem
323 1685 465 1730 animo
490 1685 755 1740 publiceque
776 1682 1024 1738 profiterer,
1045 1695 1134 1726 non
1153 1692 1238 1733 tam
1259 1681 1445 1727 invidiae

196 1764 366 1810 crimen
399 1762 656 1818 susciperem
675 1792 694 1816 ,
732 1772 830 1805 eum
872 1759 968 1814 Te,
1008 1760 1439 1818 nummumque,

203 1850 248 1884 et
271 1839 433 1885 similes
448 1870 464 1893 ‚
490 1836 875 1884 doctrina'summa
892 1849 1035 1891 ‘super
1059 1837 1259 1880 invidiam
1295 1847 1443 1880 evexe-

200 1918 286 1973 rit,
315 1928 358 1962 et
378 1928 429 1962 ut
447 1917 595 1961 beatos
618 1915 789 1970 aliquos
810 1915 928 1960 Deos
946 1914 992 1958 in
1011 1923 1105 1957 tuta
1128 1912 1446 1967 tranquillaque

201 1996 302 2043 sede
322 1993 775 2049 collocaveri13quam
798 1992 950 2046 potius
974 1988 1194 2034 illiberalis
1217 1998 1261 2032 et
1277 1998 1441 2040 essem,

205 2077 249 2110 et
282 2069 472 2115 haberer.
532 2069 600 2114 Ac
644 2080 697 2111 ne
729 2066 904 2119 vivam,
933 2065 1020 2110 nisi
1041 2065 1199 2109 dudum
1217 2065 1302 2121 jam
1323 2072 1452 2119 mag«

199 2157 286 2192 nus
316 2160 383 2192 me
406 2147 495 2191 Tui
521 2147 660 2191 tenuit
693 2159 840 2200 amor,
871 2144 1123 2198 admiratio,
1155 2151 1199 2188 et
1226 2143 1328 2187 hinc
1365 2156 1443 2188 na-

202 2227 299 2273 tum
324 2223 430 2268 Tibi
456 2225 749 2269 innotescendi
769 2224 1023 2268 desiderium
1047 2228 1261 2266 summum
1277 2251 1294 2275 ‚
1320 2220 1443 2275 quod

198 2300 380 2358 perfecit
403 2302 570 2346 tandem
603 2302 723 2346 Deus
737 2331 756 2356 ,
775 2314 875 2345 cum
898 2301 1007 2344 hane
1035 2297 1302 2342 Academiam
1325 2297 1453 2341 adire‘

200 2376 288 2428 fuit
324 2390 597 2426 concessum.
669 2378 736 2423 Ibi
769 2379 881 2421 enim
914 2379 1011 2421 cum
1053 2376 1157 2419 aliis
1181 2376 1310 2419 bonis
1346 2373 1438 2418 frui
1520 2379 1528 2386 “·

197 2454 354 2518 licuit,
384 2445 599 2505 tum-hoc
633 2456 753 2507 inter
776 2453 954 2507 maxima
990 2465 1197 2508 numero,
1241 2451 1359 2515 quod
1395 2449 1447 2493 in'

1354 2529 1438 2580 el&
