1624 3016
294 203 382 251 ³1⁴
482 188 714 236 ORATIO
742 186 823 234 DE
851 186 1328 246 comunionem

351 312 487 369 Quod
526 312 578 356 si·
602 311 736 367 igitur
770 320 1051 366 quaeramus,
1103 323 1181 356 cur
1226 309 1396 367 antiqui
1442 309 1536 357 tan}

294 394 498 451 egregiosv
524 392 733 438 ediderint
757 392 1065 446 Philosophiae
1094 390 1297 445 fructus,
1326 392 1536 439 recentio-

296 483 365 515 rea
390 483 517 524 vero,
547 467 733 514 saeculis
752 467 839 511 illis
857 466 1168 521 Scholasticis,
1196 467 1260 513 nil
1279 468 1364 513 nisi
1382 469 1533 513 sordes

295 549 561 603 abortusque
611 545 928 603 procreaverint
945 576 965 600 ,
1017 557 1213 590 caussam
1275 545 1537 602 repet-lemos

296 626 456 670 hancce
483 625 770 679 verissimam,
804 623 1005 668 niminim
1027 633 1201 668 veteres
1236 622 1423 678 primum
1454 624 1540 667 ele-

295 703 463 758 gantiae
494 702 636 747 studia
668 701 986 759 percipiebant,
1015 701 1168 745 deinde
1196 712 1246 745 se
1265 700 1319 744 ad
1341 697 1543 744 Philoso-

300 779 447 836 phiam
472 779 772 836 applicabant:
803 777 1059 823 recentiores
1093 787 1243 822 contra
1273 786 1315 821 et
1348 775 1541 831 primum

294 867 338 901 et
375 859 521 902 solum
566 869 612 900 se
648 855 955 911 Philosophiae
990 854 1165 900 dabant.
1234 853 1348 898 Nam
1381 850 1542 899 Graeci

298 934 472 989 quidem
495 944 537 977 et
557 931 746 976 Romani
774 931 918 985 filios,
949 942 1078 986 quam
1105 930 1293 987 primum
1323 943 1402 987 per
1427 940 1543 975 aeta-

292 1025 379 1059 tem
414 1014 594 1067 licebat,
636 1010 941 1056 Grammaticis
981 1010 1026 1053 in
1054 1010 1328 1065 disciplinam
1353 1009 1540 1064 dabant.

290 1092 407 1147 apud
440 1103 554 1145 quos
589 1090 847 1142 Poetarum,
887 1087 1148 1141 Oratorum,
1187 1086 1536 1132 Historicontm-

298 1181 387 1227 que
415 1165 818 1219 admonitionibus,
841 1165 1094 1220 sententiis,
1123 1174 1169 1209 et
1198 1163 1406 1219 exemplis
1442 1174 1542 1207 eru-

289 1244 514 1288 direntur:
554 1255 642 1299 qua
670 1242 881 1299 elegantia
910 1242 1068 1287 imbuti
1108 1243 1164 1287 ad
1208 1241 1538 1298 concipiendam

293 1320 605 1377 Philosophiae
650 1319 988 1377 magnitudinem
1027 1319 1173 1364 idonei
1214 1320 1500 1365 reddebantur
1517 1350 1539 1375 ,

292 1398 344 1443 in
378 1399 562 1455 ejusque
591 1397 742 1443 studio
764 1397 876 1441 intra
897 1396 1044 1453 justos
1080 1395 1185 1441 fines
1209 1398 1419 1453 pulchrae
1448 1398 1538 1445 uti-

292 1474 443 1530 lisque
494 1472 687 1518 veritatis
737 1469 1101 1525 continebantur,
1148 1483 1209 1515 ne
1247 1471 1295 1518 in
1325 1484 1540 1530 nugarum

294 1551 528 1597 vanitatem
571 1558 867 1606 evagarentur.
935 1548 1103 1593 Contra
1143 1548 1312 1604 Gothi,
1353 1537 1539 1605 Franci,

296 1627 573 1683 AnemannI,
601 1625 914 1683 Longobardi,
942 1637 1045 1671 cum
1067 1624 1183 1675 illam
1218 1628 1347 1671 semel
1376 1640 1403 1672 a
1423 1640 1542 1674 men-

295 1709 420 1753 tibus
447 1706 749 1753 abstersissent
769 1706 1102 1760 immanitatem,
1131 1708 1199 1752 vel
1220 1707 1283 1752 sic
1304 1717 1449 1754 tamen
1465 1709 1541 1753 lit·-

295 1785 398 1830 teria
433 1793 511 1829 aut
548 1795 700 1839 pamm
737 1782 1007 1836 tribuerunt,
1045 1793 1122 1827 aut
1156 1795 1299 1827 earnm
1338 1785 1538 1831 studium

295 1860 542 1918 Theologia
566 1861 1030 1915 circumscripsernnt,
1059 1860 1445 1917 sacerdotibusque
1472 1875 1542 1909 ιο-

295 1939 532 1993 liquerunt.
573 1937 709 1981 'Nam
742 1937 1040 1981 honestissimi
1078 1937 1145 1980 illi
1180 1938 1328 1983 Caroli
1361 1939 1433 1985 M.
1461 1953 1540 1986 co·

294 2024 424 2060 natus
453 2014 564 2058 irriti
593 2013 797 2069 fuerunt,
835 2024 880 2058 et
909 2017 986 2058 lux
1021 2014 1095 2058 illa
1125 2027 1303 2060 accensa
1329 2016 1464 2062 simul
1493 2025 1540 2063 et

290 2092 504 2151 egestincta
525 2091 627 2137 fuit.
685 2091 844 2148 Neque
867 2092 1022 2138 melior
1045 2091 1134 2136 fere
1151 2092 1262 2136 ratio
1282 2093 1399 2149 apud
1415 2095 1541 2142 Con-

291 2170 706 2226 stantinopolitanos
739 2181 856 2226 erat3
898 2183 997 2215 nam
1034 2179 1078 2215 et
1107 2169 1172 2214 ibi
1201 2169 1440 2227 ignorantia
1471 2186 1539 2219 re-

291 2247 481 2302 gnabat,
507 2258 759 2302 veteresque
781 2248 1017 2304 scriptores
1044 2257 1088 2294 et
1113 2248 1367 2305 dicebantur
1394 2259 1441 2295 et
1461 2252 1539 2296 ha-

292 2324 511 2368 bebantur
526 2324 732 2380 profani,
762 2339 999 2382 eorumque
1016 2327 1149 2372 lectio
1173 2326 1359 2372 subinde
1373 2327 1536 2385 impia,

289 2401 448 2445 nedum
470 2402 653 2447 honesta
674 2404 922 2458 putabatur.
990 2403 1078 2448 Sed
1111 2407 1250 2448 tamen
1281 2399 1383 2448 eum
1411 2416 1539 2460 expe-

288 2478 532 2524 ditionibus
554 2481 641 2525 illis
669 2491 820 2526 contra
849 2464 1117 2535 Saracenos,
1146 2481 1314 2535 quibus
1337 2494 1363 2526 a
1385 2481 1537 2528 Serva·

289 2558 399 2605 toris
445 2558 589 2605 Cruce
624 2559 814 2606 nominis
858 2559 1064 2604 honorem
1105 2558 1386 2613 addiderunt,
1422 2566 1544 2603 non·

272 2640 274 2642 ’
1439 2637 1542 2683 nul-
