1624 3016
304 147 660 202 nuntiem
687 143 1038 231 mortanum.
1058 147 1172 207 vui.
1189 151 1225 197 1.
1297 155 1393 206 ιο,

154 277 333 325 allorum
371 275 468 319 usui
502 284 552 318 ut
584 261 994 330 accommodentur,
1022 275 1088 319 nil
1107 273 1194 319 nisi
1218 272 1386 331 aliquid,

155 355 319 401 formae
347 353 600 397 desiderant.

213 426 433 474 Hactenus
456 427 524 485 {de
557 416 927 484 Interpretatt'one
960 424 1150 472 dictum:
1193 426 1388 475 nancile

155 507 469 554 Emendationc
494 505 734 549 dicendum.
804 501 950 559 Huius
976 503 1133 557 duplex
1159 515 1225 547 est
1254 504 1388 560 fona,

156 587 262 630 alter
283 584 327 627 in
349 581 599 626 auctoritate
636 587 678 622 et
710 577 925 632 scriptura
964 588 1152 623 veterum
1188 581 1390 627 codicum

155 663 359 721 positus,
385 660 489 703 alter
513 656 558 700 in
578 655 847 711 conjecturae
868 655 1187 710 probabilitate.

209 740 270 784 Et
298 737 435 794 primo
466 733 672 789 quidem,
716 742 763 775 ut
797 731 875 785 iit,
906 731 957 776 ad
990 733 1282 789 conjecturam
1324 748 1391 780 mc

157 815 339 865 dabam,
378 821 420 854 et
452 819 603 864 postea
638 819 806 862 semper
838 819 925 851 eam
961 818 1236 855 consectatu·
1272 824 1389 858 aum.

157 894 265 940 Erat
301 889 410 934 enim
444 886 565 931 ferax
597 884 904 930 emendationis
940 894 1083 941 partae
1121 898 1316 932 accurata
1336 891 1397 933 le-

156 969 302 1014 ctione
333 964 566 1012 Auctor-isa
608 973 695 1007 erat
728 963 869 1007 eaiem
906 962 1070 1008 laboris
1102 975 1199 1017 pars
1240 964 1398 1020 iucun-

158 1047 366 1101 dissima,
398 1058 476 1089 nec
512 1044 631 1088 labor
654 1044 802 1099 potius
826 1054 954 1098 quam
979 1043 1300 1090 condimentum
1335 1047 1397 1090 la-

161 1126 299 1172 boris.
369 1123 420 1167 ln
459 1121 659 1167 manibus
699 1121 901 1164 habebam
936 1123 1160 1177 parvulum
1196 1124 1399 1168 volumen

162 1199 345 1257 exempli
387 1208 824 1243 creatuturam
875 1194 1030 1240 Graeci
1075 1196 1216 1241 habile
1258 1208 1301 1242 et
1345 1197 1402 1243 ad

157 1277 412 1342 'gesta-ndum
456 1274 610 1319 facilea
657 1284 832 1329 captans
866 1273 1032 1318 aestivo
1070 1283 1258 1329 tempore
1303 1288 1402 1330 ,um-

161 1357 279 1401 bram
302 1354 502 1398 arborum
518 1382 535 1407 ,
566 1351 746 1396 hiberno
776 1350 1006 1395 matutinae
1031 1350 1160 1395 horae
1182 1350 1403 1408 integrita-

163 1442 246 1479 tem
262 1464 279 1488 ‚
295 1442 528 1477 nocturnae
550 1426 931 1483 tranquillitatem,
956 1427 1234 1486 conjiciebam
1267 1440 1332 1472 me
1353 1429 1402 1474 in

66 1515 68 1517 ’
97 1562 101 1565 ,
157 1498 384 1554 lectionem
410 1505 660 1559 Plutarchi,
693 1504 737 1549 in
768 1506 860 1561 ejus
889 1517 955 1548 me
977 1506 1212 1551 orationem
1238 1515 1281 1550 et
1305 1516 1404 1550 scn-

161 1585 335 1631 tentiam
360 1586 533 1640 penitus
560 1582 828 1628 insinuabam
846 1594 1048 1647 ,sensus
1072 1582 1249 1628 latentes
1276 1584 1402 1637 quasi

162 1662 357 1718 vestigiis
378 1661 587 1707 odorabat
606 1670 649 1705 et
674 1660 942 1717 indagabam.
1003 1659 1137 1704 Nulla
1161 1672 1252 1705 non
1270 1661 1401 1706 lectio

162 1740 316 1787 habuit
342 1739 551 1797 insignem
590 1738 851 1783 inventionis
874 1736 1128 1783 suavitatem
1145 1768 1162 1792 ,
1194 1751 1278 1795 qua
1313 1751 1403 1783 non

163 1818 288 1863 aliam
324 1817 524 1871 majorem
552 1814 624 1858 Dii
661 1813 914 1858 mortalibus
937 1813 1196 1868 largiuntur.
1257 1812 1400 1858 Modo

166 1894 451 1948 corruptelam
505 1891 731 1944 sanabam,
776 1892 905 1935 modo
950 1891 1256 1935 obscuritatem
1303 1892 1407 1935 illu·

168 1968 382 2022 strabam,
414 1966 760 2023 frequentissime
785 1977 964 2010 veterem
990 1966 1084 2021 ipse
1121 1978 1259 2009 meum
1292 1978 1408 2012 erro·

166 2057 252 2089 rem
286 2043 580 2100 corrigebam,
611 2055 701 2098 quo
742 2042 854 2087 locis
884 2043 1032 2095 sanis,
1061 2043 1252 2087 nondum
1282 2043 1410 2088 intel·

143 2122 323 2179 ,lectis‚
375 2121 611 2165 violentum
657 2120 887 2163 remedium
938 2119 1247 2164 adhibuissem.
1322 2120 1408 2164 Sed

170 2199 273 2243 haec
297 2199 351 2243 ad
371 2196 544 2241 futurae
563 2198 707 2241 dotem
733 2195 956 2242 Editionis
981 2182 1248 2252 spectabant.
1279 2197 1408 2243 Alius

169 2285 256 2320 erat
288 2277 416 2331 longe
444 2274 729 2329 praestantior
762 2271 923 2328 ingenii
957 2271 1405 2340 animiquqsfructusz

174 2366 225 2400 ut
248 2367 346 2399 cum
369 2354 677 2410 perspiciendis
707 2352 1068 2408 philosophorum
1106 2352 1333 2401 sententiis
1356 2365 1405 2395 ac

172 2436 352 2479 decretis
371 2436 423 2480 ad
448 2447 584 2479 rerum
622 2435 866 2479 divinarum
899 2432 1264 2487 humanarumque
1282 2429 1411 2475 intel·

106 2539 109 2542 <
171 2506 387 2568 ligentiam
424 2510 626 2559 nonnihil
657 2509 923 2570 profecisse,
961 2519 1052 2557 tum
1084 2510 1298 2567 sapienter
1319 2522 1413 2554 mo-

1348 2601 1416 2637 m·
