1624 3016
331 167 518 233 3v1‘rA
566 169 624 214 D.
682 167 1137 218 RUHNKENII.
1265 183 1358 242 556

120 292 301 349 reliquis
325 305 503 347 eorum,
545 301 587 335 et
614 292 749 348 magis
772 292 898 336 etiam
924 292 969 338 in
996 294 1164 338 solutae
1186 295 1348 341 oratio-

96 363 98 366 ’
112 369 189 424 ‚nis
235 369 532 425 scriptoribus
555 400 573 423 ,
626 370 805 414 maxime
845 382 946 415 vero
986 380 1028 415 et
1074 372 1252 417 omnino
1303 373 1354 421 in

113 446 299 509 ,Graecis
321 478 338 502 ,
381 448 579 509 desultor
609 447 774 501 evasit,
826 456 898 500 et,
940 456 989 491 ut
1030 447 1076 493 in
1121 449 1355 509 proverbio

116 536 224 579 cst,
248 525 366 570 canis
401 525 427 571 ὲ
461 524 570 577 Nilo
607 522 743 568 bibit:
777 524 908 567 modo
931 523 978 567 in
1009 523 1123 578 hoc,
1157 527 1285 571 modo
1315 527 1362 573 in

121 602 241 664 alio,
272 613 425 661 versus
449 599 619 655 aliquot
650 599 920 662 degustavit:
962 609 1113 661 totum*
1141 613 1194 644 ne
1226 614 1363 648 unum

119 677 396 738 quidemsvel
427 675 652 721 minimum
678 674 884 730 perlegite
916 686 1191 731 numquam,
1221 691 1275 722 ne
1307 679 1361 725 ad

117 754 376 806 mediocrem
403 751 572 808 quidem
585 782 602 805 ,
620 743 810 795 Graecae
828 751 1051 797 scientiam
1074 752 1246 807 linguae
1266 766 1364 809 per·

118 830 253 876 venit.
311 827 597 874 Ruhnkenius
619 827 872 889 institutum
909 829 989 872 iter
1013 838 1186 874 strenue
1213 843 1356 884 perse·

117 906 352 961 quebaturz
383 905 436 949 ad
461 906 604 950 locum
646 900 896 959 perveniens
932 905 979 950 in
1018 917 1109 960 quo
1145 906 1359 962 haereret,

116 982 158 1025 si
186 981 252 1024 bis
279 991 397 1027 terve
431 980 588 1029 lectum
624 981 821 1036 expedire
843 994 932 1028 non
957 992 1140 1038 posset,
1168 984 1223 1028 ad
1256 968 1357 1030 eum

115 1071 208 1111 non
227 1047 577 1114 adhaerescebat,
605 1072 701 1103 eum
744 1060 1042 1115 relinquebat,
1073 1061 1251 1107 notabat
1269 1093 1287 1116 ,
1315 1062 1363 1108 ln

117 1138 235 1185 aliud
270 1147 440 1192 ternpus
469 1137 729 1191 reponebat,
761 1136 1134 1193 progrediebatur:
1167 1150 1268 1184 mox
1293 1140 1360 1184 ul·

116 1222 188 1259 tro
211 1214 289 1257 lux
313 1212 616 1276 oboriebatur,
650 1214 716 1257 vel
739 1199 871 1258 simili
907 1214 951 1260 in
973 1199 1254 1270 sequentibus
1277 1218 1360 1261 ob·

117 1293 206 1336 lato
228 1290 360 1346 loce,
391 1292 460 1335 vel
483 1304 558 1349 per
579 1293 769 1336 iteratam
793 1292 931 1337 totius
951 1291 1190 1347 Scriptoris
1209 1294 1361 1339 lectio·

118 1381 215 1426 nem
249 1381 363 1415 nexu
395 1372 639 1422 accuratius
673 1381 918 1425 perspecto.
981 1369 1028 1414 Si
1058 1371 1134 1426 qui
1162 1383 1363 1426 superea·

120 1456 216 1493 sent
236 1446 321 1491 loci
347 1447 500 1493 neutra
523 1432 672 1491 harum
707 1450 921 1493 rationum
953 1448 1187 1505 patefacti,
1214 1451 1269 1496 de
1290 1449 1363 1506 bia

121 1519 498 1567 Hemsterhusium
518 1523 790 1569 consulebat.

176 1602 427 1667 Annotandi
459 1604 730 1648 consuetudo
762 1604 806 1648 in
835 1616 886 1647 eo
920 1613 986 1650 est
1009 1603 1183 1660 posita,
1212 1613 1261 1648 ut
1289 1605 1359 1648 lo-

119 1691 222 1725 cum
257 1693 470 1736 quemque
503 1692 741 1726 memoratu
777 1682 988 1738 dignum,
1017 1682 1119 1727 item
1141 1681 1269 1725 verba
1293 1681 1363 1724 din·

118 1766 277 1813 ctaque
311 1770 617 1813 excerpamus,
659 1769 867 1815 certoque
902 1756 1051 1804 ordine
1087 1758 1132 1801 in
1166 1758 1364 1802 adversa-

112 1828 182 1900 ]ria
218 1833 461 1882 referamus.
522 1835 708 1898 Fructus
740 1836 835 1892 ejus
869 1834 1098 1891 multiplex
1135 1845 1228 1881 est:
1273 1833 1361 1890 pri,-

112 1923 262 1967 mum,
292 1921 343 1956 ut
360 1911 531 1960 inventa
551 1923 606 1957 ne
626 1911 765 1967 perire
781 1910 1001 1965 sinamus,
1034 1911 1108 1954 sed
1131 1909 1359 1959 custodia,-

113 2001 250 2052 mus,
282 1989 395 2033 unde
427 2002 508 2044 ea,
537 1989 789 2045 postulante
820 2000 937 2044 usu,
975 1985 1103 2030 facile
1137 1999 1362 2042 egproma

112 2067 246 2130 *mtrsz
292 2067 473 2120 deinde,
500 2076 564 2118 ‚ut
597 2064 836 2120 expeditior
868 2062 1130 2118 faciliorque
1164 2063 1361 2127 quotidie

119 2143 193 2187 fiat
226 2154 486 2200 progressus
505 2173 522 2196 ,
553 2153 688 2198 quum
719 2141 766 2186 in
791 2150 970 2197 promtu
1002 2127 1207 2184 habemus
1230 2140 1356 2207 prius

115 2215 437 2280 animadversa,
469 2223 632 2292 quibua
656 2220 907 2267 revocandis
928 2232 1029 2274 eas,
1060 2231 1171 2275 quae
1198 2230 1352 2277 postea

118 2303 392 2356 obveniunt,
421 2287 695 2347 difficultates
728 2298 1030 2355 expediamus·
1070 2306 1193 2352 tum,
1225 2306 1273 2340 ut
1298 2295 1359 2340 si·

115 2365 286 2424 milium
315 2377 486 2433 copiam
519 2376 807 2432 exemplorum
837 2384 1148 2430 congeramus,
1193 2372 1357 2428 quibus

117 2455 228 2500 inter
259 2468 307 2501 ae
327 2455 623 2522 comparandis
648 2464 689 2499 et
713 2465 851 2497 rerum
879 2450 1082 2497 rationem
1111 2460 1155 2496 et
1182 2452 1356 2510 linguae

116 2544 246 2583 usum
260 2534 518 2593 colligamus
530 2565 548 2592 ,
570 2545 679 2590 quae
696 2531 944 2579 observatio
959 2530 1246 2589 mductioque
1265 2544 1351 2579 una

1287 2619 1359 2659 est

111 2661 159 2684 'dd
