1624 3016
282 141 292 174 .·
346 135 419 194 m
453 134 813 183 PLUTARCHI
849 134 1150 190 Monuit.
1236 146 1242 159 ²
1284 148 1392 198 ⁴4¹³

161 276 194 294 π’
203 261 288 308 Sed
311 261 431 316 quod
454 273 579 315 saepe
602 260 818 314 diximus,
846 261 922 305 illa
956 261 1259 316 interpr-eundi
1282 264 1377 310 ofl-

147 337 214 384 εἰει
245 337 479 381 adhibenda
507 349 600 380 esse
624 338 739 383 locis
773 336 829 380 iis
863 337 941 391 qui
974 348 1020 379 ea
1040 336 1310 393 desiderent,
1339 347 1385 385 et

149 422 358 467 quantum
383 413 620 456 desiderent
636 423 767 466 atque
787 424 901 466 opus
927 412 1133 459 habeant:
1155 415 1239 459 hoe
1258 418 1387 470 quale

151 489 239 544 sit,
268 477 594 547 intelligendum
617 500 699 536 est.
750 487 1051 543 Interpretatio
1069 501 1237 534 eertum
1256 493 1389 538 finem

146 579 198 612 ac
232 569 407 618 modum
443 569 608 613 habeat.
668 565 812 619 Nam,
845 575 895 609 ut
922 576 1047 609 nemo
1082 565 1251 610 dubitat
1276 569 1387 623 quin

149 647 334 693 obseura
362 646 566 691 illustrari
582 674 600 699 ,
641 643 846 697 impedita
872 642 1062 696 expediri
1088 642 1293 688 debeant:
1329 646 1392 692 ita

149 721 372 768 dubitatur
389 721 493 775 quid
515 720 575 764 sit
602 719 836 763 obscurum
861 726 903 766 et
922 715 1191 771 impeditum.
1249 718 1390 771 Atqui

149 798 253 844 haec
274 810 362 844 non
381 811 459 855 per
485 810 561 851 se,
594 798 670 842 sed
693 795 1017 853 comparatione
1039 805 1267 841 constantt
1297 808 1389 842 non

154 890 259 925 sunt
280 878 506 932 absoluta,
536 878 614 923 sed
636 878 793 932 relata;
821 888 870 921 ut
893 877 1012 932 quod
1032 876 1129 921 aliis
1151 878 1391 924 obscurum

150 954 490 1011 impeditumque
521 959 608 1008 sit,
647 955 759 999 idem
785 955 880 999 aliis
911 953 1185 1010 perspicuum
1218 956 1393 1010 expedi.

147 1042 328 1088 tumque
351 1032 596 1088 reperiatur.
654 1031 773 1087 Ergo
792 1043 933 1087 neque
951 1031 1011 1076 ita
1025 1029 1297 1083 diffundenda
1316 1040 1387 1077 est

148 1105 447 1163 Interpretatio
461 1137 479 1162 ,
501 1117 546 1152 nt
567 1119 643 1152 eos
664 1107 788 1151 etiam
812 1108 936 1151 locos
956 1107 1166 1162 explicet,
1195 1105 1273 1173 qui
1295 1117 1388 1151 non

77 1216 85 1224 .
149 1183 236 1227 nisi
256 1184 403 1239 pueris
423 1197 471 1228 ac
494 1184 712 1228 tironibus
734 1183 913 1228 obscuri
935 1186 1052 1229 aintt
1081 1195 1221 1239 neque
1242 1184 1301 1227 ita
1326 1195 1391 1228 re-

150 1260 397 1316 stringenda
411 1291 428 1314 ,
457 1270 507 1305 ut
529 1273 619 1309 non
644 1261 731 1305 nisi
755 1274 829 1306 eos
857 1262 1037 1317 attingat
1056 1261 1210 1316 locos,
1227 1260 1272 1306 in
1290 1260 1391 1317 'qui-

148 1336 232 1380 bus
255 1336 499 1382 doctissimi
523 1337 719 1382 homines
739 1337 948 1386 haereant.
1012 1340 1063 1381 ln
1085 1336 1222 1392 priori
1239 1347 1389 1392 genere

146 1422 252 1459 sunt
274 1413 578 1469 Minellianae,
609 1414 892 1460 Famabianae
911 1445 928 1468 ,
961 1413 1208 1468 similesque
1232 1413 1390 1458 editio-

152 1502 255 1536 nest
289 1503 397 1545 quas
418 1502 500 1547 ego
523 1490 636 1535 haud
657 1491 830 1546 penitus
852 1502 1115 1544 contemno,
1135 1491 1296 1546 quippe
1318 1489 1388 1545 ip-

151 1578 200 1612 se
232 1568 449 1622 quondam
486 1579 629 1612 earum
663 1568 889 1613 utilitatem
924 1579 1149 1624 apertus-z
1180 1568 1254 1612 sed
1286 1567 1388 1612 Piu-

74 1702 79 1708 ἡ
147 1645 342 1689 tarchum
369 1655 509 1690 totum
531 1646 586 1689 ad
607 1657 697 1691 eam
724 1646 927 1690 rationem
953 1646 1021 1691 edi
1046 1645 1196 1691 nolim.
1254 1643 1306 1689 ln
1326 1644 1389 1687 al-

149 1729 243 1770 tero
264 1733 416 1778 genere
442 1730 546 1767 sunt
574 1720 841 1767 Bentleianae
875 1731 920 1766 et
947 1721 1111 1766 similes
1146 1719 1387 1775 editiones,

151 1808 264 1852 quae
299 1796 423 1843 unice
451 1797 500 1843 in
529 1798 793 1843 emendando
825 1807 1081 1851 versantur,
1123 1808 1293 1841 omnem
1323 1807 1390 1840 re-

149 1885 244 1918 rum
268 1873 581 1931 verborumque
602 1875 1031 1930 interpretationem,
1062 1874 1187 1929 quasi
1208 1873 1390 1929 legenti.

150 1950 231 1995 bus
254 1950 501 2006 cognitam,
530 1952 768 1997 omittuntz
794 1963 872 1996 nee
895 1963 987 1996 eam
1010 1951 1097 1996 nisi
1119 1951 1289 2004 obiter,
1308 1950 1389 2001 ubi
1443 1997 1450 2005 ι

148 2025 455 2073 emendationis
489 2026 600 2073 ratio
637 2027 845 2072 reddenda
875 2037 972 2082 est,
1009 2028 1245 2082 attingunt.
1315 2028 1390 2078 Ad

150 2114 294 2161 quem-
315 2102 519 2157 modum,
548 2103 825 2158 paucissimis
859 2104 1255 2159 accommodatum,
1293 2116 1389 2152 nou

147 2178 334 2227 edendus
354 2187 422 2223 est
441 2178 733 2233 Plutarchus,
761 2180 889 2238 eujus
918 2180 1113 2225 doctrina
1130 2193 1227 2226 eum
1252 2183 1381 2228 habet

150 2251 366 2308 fructum,
388 2255 466 2309 qui
492 2255 544 2300 ad
561 2267 832 2306 communem
853 2257 1046 2308 omnium
1068 2257 1294 2310 utilitatem
1315 2272 1391 2306 ex.

148 2328 300 2385 plicari
321 2328 485 2374 debeat.
545 2321 666 2394 Quid
691 2331 859 2388 igitur?
895 2331 1041 2381 Media
1084 2336 1287 2388 quaedam
1324 2345 1388 2380 te-

149 2404 285 2452 nenda
317 2414 385 2451 est
418 2407 512 2465 via,
545 2419 676 2464 quam
705 2409 896 2469 quisque
921 2423 1013 2457 non
1039 2410 1388 2471 imperitissimus

155 2496 171 2505 ··
769 2487 808 2536 Ε
822 2499 846 2533 e
873 2498 904 2547 s
1327 2502 1398 2536 se·
