1624 3016
472 42 496 52 ν

327 130 508 181 VITA
554 131 616 178 D.
665 126 1110 177 RUHNKENII.
1253 127 1344 182 ὄις

101 260 235 315 xisti,
261 258 375 303 unde
409 256 623 311 intelligas
657 267 798 299 rerum
822 252 1130 306 hominumque
1149 249 1336 307 conjun-

102 348 211 387 ctam
237 348 331 380 esse
354 334 616 379 Historiamz
649 332 723 376 sed
754 343 875 376 narra
890 335 899 365 θ
914 330 1081 373 tandem
1097 359 1115 382 ,
1144 328 1197 372 de
1236 327 1334 383 qui·

106 416 191 460 bus
218 412 347 458 rebus
368 410 705 464 hominibusque
728 415 938 462 praetem.
957 404 1184 449 didiceris:
1218 403 1336 449 verbi

102 504 282 547 caussa,
313 492 363 534 de
382 491 531 545 Sylla,
562 486 663 543 quis
690 484 853 536 fuerit,
881 483 952 527 dic
986 482 1109 526 mihi.
1171 482 1218 526 P.
1245 482 1340 537 'ry-

107 582 269 614 rannus
293 568 470 613 Romae.
502 566 560 611 R.
585 567 655 609 An
678 573 886 618 tyrannus
911 560 997 604 fuit
1018 572 1174 603 nomen
1200 561 1342 614 quod-

103 646 196 692 dam
222 646 495 702 magistratus
516 652 560 687 et
581 639 804 684 muneris?
850 638 901 684 P.
925 637 1119 684 Nescio:
1143 648 1254 680 certe
1278 640 1340 682 ita

105 727 226 782 Sylla
260 725 305 770 in
338 722 536 768 Historia
560 719 905 777 cognominatur.
968 717 1024 763 R.
1050 716 1208 763 Nonne
1229 717 1342 761 didi-

10 802 20 820 ''
108 800 237 855 cisti,
267 812 362 845 eum
390 799 654 857 Dictatorcm
693 796 864 850 fuisse,
896 804 940 840 et
963 807 1073 851 quae
1103 794 1235 840 fuerit
1259 796 1344 840 hu.

103 866 178 934 ius
203 877 392 923 nominis
417 876 694 931 munerisque
712 874 940 930 potestas?
992 874 1043 920 P.
1069 873 1197 919 Haud
1221 874 1347 929 cqui-

0 951 26 1015 ,j
103 955 229 1009 dem,
271 955 392 1009 quod
441 953 632 999 memini.
704 953 763 998 R.
803 952 887 997 Sed
922 951 1105 998 fortasse
1144 953 1348 1010 magistra

114 1030 195 1075 tibi
216 1030 401 1075 narravit
416 1062 433 1084 ‚
465 1043 574 1086 quae
595 1027 723 1073 fuerit
741 1028 809 1072 vis
834 1035 877 1072 et
898 1027 1009 1073 ratio
1029 1026 1211 1085 aliorum
1230 1029 1348 1085 apud

110 1105 332 1150 Romanos
347 1106 671 1161 magistratuum
686 1135 703 1157 ‚
724 1103 1009 1161 Quaestum,
1023 1104 1187 1149 Aedilis
1198 1135 1215 1160 ,
1228 1105 1355 1149 Prae-

114 1181 221 1226 toris
235 1212 252 1235 ,
281 1181 493 1226 Consulis
508 1211 525 1235 ‚
557 1181 792 1235 Censoris,
822 1181 1011 1227 Tribuni
1035 1181 1209 1236 plebis,
1223 1193 1265 1227 et
1286 1195 1351 1226 rc-

114 1259 335 1313 liquorum
353 1258 376 1303 ‘a'
423 1258 484 1304 ·P.
509 1257 615 1304 Non
637 1257 853 1303 narravit:
882 1269 979 1303 nam
1000 1257 1101 1303 hacc
1130 1258 1316 1303 difficilia
1332 1289 1351 1313 ,
1433 1305 1438 1310 ,

115 1346 195 1379 nec
229 1334 330 1380 item
358 1335 552 1392 jucunda
575 1335 756 1390 cognitu
779 1344 911 1383 sunt.
946 1347 996 1379 ac
1021 1347 1087 1379 res
1111 1346 1277 1390 gestaet
1308 1346 1353 1380 et

113 1412 294 1457 nimium
330 1412 461 1458 nobis
497 1413 705 1468 temporis
734 1413 967 1468 explicatio
996 1414 1168 1458 illorum
1203 1414 1353 1460 abstu-

111 1486 249 1534 lisset.
311 1487 370 1532 R.
399 1487 468 1532 De
494 1488 577 1532 hoc
609 1486 794 1533 fortasse
826 1488 985 1534 rectius
1018 1489 1233 1546 judicabis
1262 1492 1352 1536 alio

116 1573 335 1620 tempores
365 1577 482 1608 nunc
511 1577 563 1610 cx
586 1566 706 1610 omni
730 1564 805 1610 illa
824 1565 1021 1611 Historia
1043 1579 1212 1622 rerum,
1242 1581 1353 1623 quas

115 1643 264 1696 nosti,
312 1654 443 1697 porro
489 1642 760 1687 detrahamus
804 1642 1097 1700 cognitionem
1131 1645 1358 1702 magistra-

4 1718 13 1729 ”
108 1730 232 1764 tuum
275 1718 587 1766 Romanorum.
650 1720 698 1766 P.
732 1720 796 1767 At
826 1732 910 1765 nos
944 1721 1082 1776 magis
1113 1721 1351 1766 delectaba-
1412 1749 1416 1753 ι

0 1830 6 1850 ;
111 1806 209 1839 mur
234 1794 362 1840 bellis
393 1804 438 1840 et
467 1795 597 1842 factis
630 1798 965 1852 cognoscendis.
1029 1797 1087 1847 R.
1113 1803 1185 1844 An
1220 1800 1356 1856 igitur

3 1919 18 1932 Ἀ
113 1870 319 1916 audivisti
347 1872 402 1916 dc
431 1873 723 1929 Carthagine,
754 1874 978 1931 gestisque
1001 1889 1099 1920 cum
1121 1890 1169 1921 ca
1190 1877 1354 1921 bellis!l

111 1948 162 1993 P.
194 1946 337 2002 Vero,
367 1947 543 2003 audivi3
576 1948 655 1992 tria
690 1949 803 1992 bella
846 1948 1037 1995 fuerunt.
1096 1951 1156 1995 R.
1187 1951 1272 1996 Dic
1301 1954 1355 1997 dc

95 2027 304 2071 ‘secundo
331 2057 347 2080 ,
402 2026 487 2069 utri
535 2025 714 2071 fuerunt
763 2027 984 2073 victores?
1054 2029 1103 2076 P.
1145 2030 1349 2079 RomanI.

110 2103 169 2149 R.
199 2103 271 2147 An
293 2104 390 2146 item
417 2103 469 2145 ab
494 2101 622 2145 initio
647 2102 836 2146 victores
859 2101 1070 2148 fluerunt?
1130 2106 1180 2150 P.
1213 2105 1352 2151 Mini-

109 2180 201 2226 me!
239 2191 422 2237 quatuor
456 2180 657 2234 deinceps
690 2180 849 2235 pugnis
888 2183 992 2226 victi
1028 2193 1133 2227 sunt
1155 2183 1209 2228 ab
1234 2184 1355 2229 Han-

113 2257 288 2308 nibale,
312 2255 365 2300 ad
387 2255 620 2309 Ticinum,
653 2255 850 2300 Trebiam
866 2287 882 2310 ,
914 2255 1285 2315 Thrasymenum,
1309 2273 1354 2308 et

113 2333 303 2380 Cannas,
363 2332 421 2379 R.
448 2334 518 2378 An
542 2345 718 2376 caussas
739 2334 926 2378 narravit
958 2336 1188 2391 magistra,
1221 2350 1352 2393 quare

15 2412 21 2419 '
115 2415 222 2460 victi
247 2416 335 2459 sint
372 2414 591 2458 Romani?
635 2415 687 2459 P.
718 2415 825 2460 Non
853 2417 928 2461 illa
951 2431 1158 2475 caussas,
1189 2422 1267 2466 sed
1289 2422 1354 2467 fa-

117 2503 216 2549 cta,
246 2494 447 2539 narravit.
507 2493 566 2538 R.
596 2493 795 2538 Fortasse
820 2496 914 2551 ipse
941 2507 1016 2542 tua
1049 2509 1207 2555 sponte
1227 2500 1353 2544 intel-

681 2570 767 2629 Qq
803 2586 833 2627 4
1304 2577 1358 2620 u-
