1624 3016
331 158 528 210 VITA,
559 157 616 207 D.
666 156 1102 209 RUHNKBNII.
1249 163 1342 217 163

109 282 244 338 alios,
269 291 311 327 et
333 282 574 337 discentes,
602 291 644 327 et
677 271 912 327 scribentes
927 313 944 336 ‚
969 284 1173 340 juvarett·
1194 285 1274 331 aed
1291 291 1341 328 et

104 361 152 413 in
188 372 269 415 eo,
299 360 418 415 quod
459 360 603 405 minus
642 372 741 405 eum
777 360 919 415 ipsiua
940 360 1100 406 studiis
1124 371 1211 407 erat
1233 373 1346 407 con·

100 440 332 496 junctum,
373 447 424 484 ut
448 438 598 485 amicis
629 437 673 482 in
697 449 981 493 quocumque
1020 438 1136 483 vitae
1166 439 1348 495 negotio

102 515 357 561 industriam
404 527 662 572 operamque
710 526 830 558 suam
890 520 1125 569 praestaret
1146 528 1163 561 a
1213 527 1350 570 atque

105 592 241 646 adeo,
282 591 328 637 in
366 604 455 647 quo
485 580 661 637 minime
699 591 795 645 ipse
838 591 1037 647 valebat,
1076 603 1128 636 ut
1161 594 1347 639 aliorum

104 668 296 724 inopiam
321 668 502 724 pecunia
520 669 792 715 sublevaret:
826 681 952 729 saepe·
984 670 1120 723 adeo,
1150 679 1200 714 ut
1232 670 1351 716 divio·

107 755 202 794 tum
232 746 382 803 copias
417 746 653 792 amicorum
682 748 707 790 e
746 747 839 791 sua?
859 747 956 801 ipae
985 747 1135 802 inopia
1158 758 1347 804 augeret.

107 822 308 880 Quorum
346 822 652 870 beneficiorum
690 824 824 880 gratia
849 822 916 868 ilii
951 825 975 869 a
998 825 1278 879 paucissimis
1298 837 1349 870 re

109 911 154 945 et
181 900 299 945 facto
332 899 619 949 referebaturz
652 903 690 947 si
720 901 867 947 animo
897 911 939 947 et
961 901 1252 949 recordatione
1279 904 1355 948 ha·

109 974 309 1032 beretur,
341 987 573 1023 contentus
591 986 697 1022 emt.
756 978 903 1024 Patres
933 976 1089 1031 multi,
1117 988 1160 1022 et
1178 977 1283 1022 clari
1308 986 1353 1022 et

107 1052 291 1107 divites,
331 1052 446 1099 filios
482 1052 541 1101 ita
568 1053 624 1096 ad
661 1065 758 1097 eum
787 1052 1051 1099 deducebant
1067 1046 1101 1105 ,‘
1115 1063 1166 1097 ut
1201 1065 1354 1099 eorum

111 1132 243 1181 vitam
283 1133 515 1188 studiaque
550 1134 738 1179 consilio
786 1143 829 1178 et
863 1135 1121 1179 auctoritate
1162 1146 1352 1192 regeret,

108 1210 388 1264 sempiternas
406 1210 446 1254 ei
469 1209 626 1268 gratiae
649 1209 778 1267 hujus
815 1210 1011 1255 beneficii
1040 1224 1193 1256 caussa
1229 1213 1356 1259 habi·

111 1295 237 1338 turos
278 1286 577 1342 relaturosque
608 1299 680 1340 se,
726 1287 1001 1341 pollicentes.
1061 1288 1353 1334 Ruhnkenius
1413 1312 1418 1319 ·

114 1363 199 1423 hoc
222 1363 280 1409 iia
308 1373 349 1409 et
371 1364 634 1422 recipiebat,
662 1374 705 1410 et
729 1365 912 1409 fideliter
941 1366 1216 1421 praestabat:
1240 1367 1358 1412 filios

109 1441 334 1496 adipsum
373 1443 633 1488 ventitantes
672 1442 792 1486 omni
834 1442 979 1486 officio
1020 1453 1062 1486 et
1092 1442 1360 1488 humanitate

113 1517 382 1573 excipiebat,
406 1518 698 1563 saluberrimis
719 1519 963 1574 praeceptis
986 1518 1253 1573 monitisque
1278 1530 1356 1560 au·

111 1594 265 1650 gebatt
300 1596 574 1640 consuetudo
611 1596 680 1640 his
719 1597 843 1640 valde
878 1596 1100 1651 placebat,
1143 1605 1188 1640 et
1224 1596 1359 1651 patri.

114 1669 201 1715 bus
225 1670 331 1715 mire
369 1671 687 1717 satisfaciebat:
721 1672 824 1727 sed,
853 1673 978 1717 ecce!
1009 1674 1055 1717 in
1090 1672 1356 1719 oblivionem

114 1745 294 1801 abibat,
336 1747 528 1793 decursis
564 1749 815 1794 Academiae
841 1750 1030 1804 studiis,
1073 1751 1264 1806 urbeque
1294 1763 1360 1795 re-

35 1822 39 1826 ”
113 1822 232 1879 licta.
293 1823 390 1870 Hos
426 1825 528 1870 item
568 1824 938 1879 obliviscebatur,
979 1827 1123 1880 quoad
1143 1838 1196 1870 ex
1219 1827 1364 1870 oculis

111 1898 330 1947 abessent.
386 1903 449 1947 At
481 1903 663 1948 subinde
701 1904 860 1958 fiebat,
890 1914 940 1951 ut
976 1906 1103 1949 iidem
1138 1904 1213 1948 isti
1249 1904 1361 1948 forte

113 1976 202 2020 alio
237 1986 433 2032 tempore
466 1979 659 2023 eumdem
694 1979 739 2024 in
773 1982 950 2034 locum,
980 1981 1055 2024 ubi
1084 1980 1178 2035 ipse
1217 1989 1361 2033 esset,

123 2055 412 2108 eumdemque
447 2056 490 2100 in
524 2056 734 2100 circulum
770 2058 963 2103 venirent
976 2049 1001 2112 ,’
1033 2067 1216 2103 veterem
1251 2058 1368 2102 noti-

121 2133 224 2178 tiam
250 2133 587 2181 dissimulantes.
643 2136 759 2181 Tum
785 2149 888 2181 vero
923 2137 1243 2192 Ruhnkenius,
1269 2151 1362 2195 quo

116 2222 206 2262 erat
228 2222 270 2257 et
293 2212 464 2259 honesti
488 2227 621 2259 sensu
652 2226 695 2259 et
723 2217 938 2271 candore,
968 2217 1190 2261 continere
1210 2230 1258 2262 se
1277 2230 1367 2263 non

112 2304 312 2350 poterat,
359 2305 409 2338 ut
458 2304 618 2363 tantam
666 2296 974 2350 impudentiam
1013 2297 1172 2342 tacitus
1206 2297 1362 2342 ferretz

117 2371 313 2415 salutans
347 2384 422 2416 eos
453 2373 739 2428 compellabat
777 2374 1016 2419 humaniter
1037 2375 1208 2430 quidem
1225 2376 1371 2421 verbis

117 2462 169 2494 ac
205 2451 374 2506 specie,
405 2453 479 2495 sed
510 2465 557 2496 ea
594 2465 692 2496 cum
724 2453 1039 2509 significatione
1070 2455 1372 2511 despicientiae

107 2538 162 2576 et
197 2532 537 2588 indignationis,
568 2545 677 2589 quae
718 2533 848 2589 istis,
880 2534 1079 2591 quamvis
1107 2534 1370 2592 impudenti.

107 2626 132 2661 ι
1254 2612 1370 2671 bus,
