1624 3016
307 151 391 200 ιω
496 119 497 123 ’
538 149 877 199 pmrano
913 165 979 200 ax
1017 150 1309 201 nnn-10⁸1:

369 273 621 331 Vigeaimua
660 283 702 318 et
732 258 955 319 seeundua
988 274 1059 321 hie
1093 288 1160 324 eat
1190 291 1359 336 annua,
1399 294 1535 338 quum

306 349 422 411 alito
453 347 691 394 Plutarchi
719 347 773 392 de
802 349 915 393 Sera
941 348 1147 395 Nuntius
1173 354 1380 400 Vdndlcea
1418 359 1542 404 libel·

299 426 356 478 ⁷lo
388 438 505 482 apem
530 425 742 481 fidemque
776 425 859 470 feci
882 426 1137 472 edendorum
1159 428 1347 486 Operum
1372 433 1540 480 plum·-

304 506 378 552 chi
411 506 621 551 omnium.
678 504 972 561 Proponebam
993 505 1194 551 editioni·
1225 508 1328 553 mibi
1355 510 1538 559 formam

297 581 511 629 omnibus
545 580 732 627 numeria
768 579 1039 626 abaolutam:
1081 593 1220 637 neque
1254 583 1537 644 dubitabam,

295 664 415 718 quin
457 672 546 704 eam
588 660 655 703 vel
693 657 937 704 subsecivis
965 658 1112 713 horis,
1153 660 1263 705 intra
1291 662 1537 717 proximum

305 736 556 784 decennium
589 735 643 781 ad
675 733 801 779 linem
832 734 1122 788 perducturus
1154 747 1307 782 essem.
1366 736 1466 796 Qua
1491 739 1540 785 ln

305 828 387 873 epe
409 827 526 872 opua
545 825 643 858 cum
667 821 858 869 tempore
877 824 966 857 non
992 823 1104 858 recte
1125 814 1440 870 comparabam.
1470 815 1542 864 Ex

307 893 623 946 adolesemtia,
655 890 789 935 veluti
820 889 905 933 alta
926 890 1134 946 apecula,
1165 890 1211 936 in
1239 890 1449 947 reliquum
1476 891 1545 935 vi·

296 951 375 1038 stae
406 969 623 1026 apatium,
654 977 704 1010 ut
735 966 948 1022 ingentem
982 974 1025 1010 et
1051 967 1174 1013 nullo
1196 966 1336 1014 limite
1357 969 1545 1016 circum·

299 1047 522 1102 scriptum
562 1055 761 1100 campum
806 1043 1158 1102 prospiciebam.
1226 1043 1355 1102 Opua
1402 1059 1545 1094 meum

300 1124 449 1173 oculia
476 1122 584 1167 mihi
617 1121 788 1166 videbar
806 1120 1040 1178 complecti
1075 1132 1125 1167 ut
1158 1130 1256 1168 ante
1289 1134 1357 1167 me
1377 1131 1420 1169 ct
1439 1135 1544 1180 pro·

299 1203 425 1260 aime
444 1199 664 1257 positum,
697 1197 863 1255 quippe
886 1198 1007 1253 quod
1031 1197 1235 1244 metiebar
1263 1199 1393 1244 modo
1417 1199 1547 1245 volu·

300 1278 440 1327 :ninia
472 1274 712 1323 Plutarchei
758 1277 886 1333 cujua
934 1277 1107 1333 pondua
1152 1276 1352 1321 manibus
1393 1276 1548 1324 tollere
1576 1298 1595 1322 a

309 1370 509 1416 possem.
567 1355 740 1400 Mutata
767 1365 835 1399 eat
865 1355 975 1399 ratio
1000 1367 1235 1412 progressu
1257 1358 1426 1404 aetatis.
1484 1357 1551 1406 Ut

313 1434 522 1500 temporis
547 1431 984 1490 appropinquabant,
1021 1432 1082 1486 ita
1120 1432 1262 1487 operia
1298 1433 1549 1486 recedebant

308 1518 495 1566 termini.
563 1514 691 1563 Abiit
711 1507 1001 1560 ‚decennium't
1040 1515 1187 1570 operia
1218 1516 1388 1561 termini
1418 1529 1551 1573 appa.

306 1596 458 1646 rebant
488 1593 620 1641 nulli.
680 1592 803 1639 Abiit
831 1601 875 1641 et
906 1591 1279 1647 quinquennium:
1325 1594 1428 1649 plus
1460 1605 1549 1640 erat

303 1672 522 1727 reliquum
548 1679 676 1724 quam
698 1666 948 1721 confectum
974 1667 1137 1724 operia.
1189 1669 1329 1726 Coepi
1351 1682 1419 1715 me
1441 1680 1547 1718 tune

306 1761 362 1802 ex
398 1748 472 1792 illa
508 1746 758 1803 propositae
788 1745 953 1791 formae
995 1747 1289 1802 magnitudine
1324 1761 1548 1805 revocare,

305 1839 485 1882 eamque
504 1824 761 1871 arctioribus
789 1823 951 1869 finibus
973 1824 1357 1880 circumscribere,
1378 1828 1432 1871 de
1450 1829 1551 1883 qui-

306 1904 395 1950 bus
427 1902 520 1947 dixi
548 1902 596 1947 in
624 1900 920 1947 Bibliothecae
950 1902 1166 1955 Criticae,
1208 1903 1442 1950 volumine
1468 1915 1555 1950 ter·

306 1962 402 2033 tio,
425 1979 548 2025 Parte
568 1978 720 2034 prima.
778 1978 982 2033 Cumque
1003 1991 1093 2025 non
1117 1980 1179 2025 ita
1200 1982 1341 2026 multo
1365 1993 1548 2038 postea,

304 2069 627 2103 nunctum-1
690 2069 1178 2103 rvroonarrnnu
1241 2071 1548 2117 oxomam·

308 2149 433 2189 ars,
466 2134 559 2178 Viri
582 2133 812 2186 illustres,
843 2146 934 2178 eam
960 2144 1120 2188 partem
1147 2135 1294 2189 operis
1329 2136 1438 2190 mei,
1462 2124 1551 2191 qun

310 2213 516 2260 Mor-alia
549 2210 789 2255 Plutarchi
807 2210 1112 2266 continentur,
1139 2213 1425 2257 excudendam
1449 2213 1550 2259 vul·

308 2289 579 2345 gandamque
618 2287 912 2342 recepissent3
968 2301 1058 2333 non
1084 2289 1380 2335 subsecivum
1404 2321 1425 2345 ‚
1471 2290 1550 2336 aed

307 2365 588 2420 praecipuum
602 2395 620 2419 ,
643 2364 779 2409 immo
800 2377 957 2419 omne,
987 2367 1107 2419 quod
1125 2366 1297 2420 quidem
1318 2380 1343 2410 a
1363 2366 1549 2412 muneris

303 2442 601 2496 ‚occupatione
637 2453 837 2497 vacaret,
877 2453 922 2487 et
966 2442 1168 2495 diurnum
1201 2454 1245 2494 et
1285 2453 1547 2489 nocturnum

313 2527 488 2576 tempus
518 2518 565 2563 in
595 2532 724 2576 opere
753 2520 960 2566 instituto
994 2522 1223 2573 collocavi.
1276 2522 1408 2580 Jam,
1448 2523 1552 2570 licet

347 2610 375 2615 “·
1483 2610 1551 2644 me
