<?xml version="1.0" encoding="UTF-8"?>
<!DOCTYPE html PUBLIC "-//W3C//DTD XHTML 1.0 Transitional//EN"
    "http://www.w3.org/TR/xhtml1/DTD/xhtml1-transitional.dtd">
<html xmlns="http://www.w3.org/1999/xhtml" xml:lang="en" lang="en">
 <head>
  <title>
</title>
<meta http-equiv="Content-Type" content="text/html;charset=utf-8" />
  <meta name='ocr-system' content='tesseract 3.04.00' />
  <meta name='ocr-capabilities' content='ocr_page ocr_carea ocr_par ocr_line ocrx_word'/>
</head>
<body>
  <div class='ocr_page' id='page_1' title='image "./opusculavariiarg01wytt/opusculavariiarg01wytt_0197.png"; bbox 0 0 1624 3016; ppageno 0'>
   <div class='ocr_carea' id='block_1_1' title="bbox 271 122 1365 193">
    <p class='ocr_par' dir='ltr' id='par_1_1' title="bbox 271 122 1365 193">
     <span class='ocr_line' id='line_1_1' title="bbox 271 122 1365 193; baseline 0.007 -17"><span class='ocrx_word' id='word_1_1' title='bbox 271 124 601 184; x_wconf 75' lang='lat' dir='ltr'><strong>fllsTORlAE</strong></span> <span class='ocrx_word' id='word_1_2' title='bbox 626 123 710 173; x_wconf 77' lang='lat' dir='ltr'><strong>AD</strong></span> <span class='ocrx_word' id='word_1_3' title='bbox 737 122 919 176; x_wconf 80' lang='lat' dir='ltr'><strong>s&#39;m‘n.</strong></span> <span class='ocrx_word' id='word_1_4' title='bbox 948 125 1210 184; x_wconf 63' lang='lat' dir='ltr'><strong>Vtatur.</strong></span> <span class='ocrx_word' id='word_1_5' title='bbox 1277 140 1365 193; x_wconf 64' lang='lat'><strong>19:</strong></span> 
     </span>
    </p>
   </div>
   <div class='ocr_carea' id='block_1_2' title="bbox 50 253 1377 2640">
    <p class='ocr_par' dir='ltr' id='par_1_2' title="bbox 124 253 1377 1243">
     <span class='ocr_line' id='line_1_2' title="bbox 133 253 1377 313; baseline 0.005 -12"><span class='ocrx_word' id='word_1_6' title='bbox 133 253 339 301; x_wconf 82' lang='lat' dir='ltr'><strong>omnibus</strong></span> <span class='ocrx_word' id='word_1_7' title='bbox 366 253 511 309; x_wconf 78' lang='lat' dir='ltr'><strong>quoad</strong></span> <span class='ocrx_word' id='word_1_8' title='bbox 541 255 635 311; x_wconf 81' lang='lat' dir='ltr'><strong>ejus</strong></span> <span class='ocrx_word' id='word_1_9' title='bbox 667 254 757 300; x_wconf 85' lang='lat' dir='ltr'><strong>fieri</strong></span> <span class='ocrx_word' id='word_1_10' title='bbox 778 262 960 310; x_wconf 81' lang='lat' dir='ltr'><strong>potest,</strong></span> <span class='ocrx_word' id='word_1_11' title='bbox 989 253 1377 313; x_wconf 75' lang='lat' dir='ltr'><strong>hominibnscon-</strong></span> 
     </span>
     <span class='ocr_line' id='line_1_3' title="bbox 136 333 1375 396; baseline 0.006 -19"><span class='ocrx_word' id='word_1_12' title='bbox 136 334 359 388; x_wconf 80' lang='lat' dir='ltr'><strong>aulamus,</strong></span> <span class='ocrx_word' id='word_1_13' title='bbox 397 333 616 379; x_wconf 87' lang='lat' dir='ltr'><strong>efficiendo</strong></span> <span class='ocrx_word' id='word_1_14' title='bbox 651 343 701 378; x_wconf 91' lang='lat' dir='ltr'><strong>ut</strong></span> <span class='ocrx_word' id='word_1_15' title='bbox 739 333 937 389; x_wconf 79' lang='lat' dir='ltr'><strong>plurimis</strong></span> <span class='ocrx_word' id='word_1_16' title='bbox 984 333 1183 380; x_wconf 83' lang='lat' dir='ltr'><strong>fruantur</strong></span> <span class='ocrx_word' id='word_1_17' title='bbox 1216 337 1375 396; x_wconf 71' lang='lat' dir='ltr'><strong>bonis.</strong></span> 
     </span>
     <span class='ocr_line' id='line_1_4' title="bbox 124 411 1377 465; baseline 0.005 -9"><span class='ocrx_word' id='word_1_18' title='bbox 124 411 330 457; x_wconf 71' lang='lat' dir='ltr'><strong>minimis</strong></span> <span class='ocrx_word' id='word_1_19' title='bbox 362 412 557 456; x_wconf 86' lang='lat' dir='ltr'><strong>laborent</strong></span> <span class='ocrx_word' id='word_1_20' title='bbox 591 412 741 458; x_wconf 77' lang='lat' dir='ltr'><strong>malis:</strong></span> <span class='ocrx_word' id='word_1_21' title='bbox 779 411 996 465; x_wconf 80' lang='lat' dir='ltr'><strong>denique,</strong></span> <span class='ocrx_word' id='word_1_22' title='bbox 1036 422 1085 456; x_wconf 90' lang='lat' dir='ltr'><strong>ut</strong></span> <span class='ocrx_word' id='word_1_23' title='bbox 1120 413 1229 459; x_wconf 84' lang='lat' dir='ltr'><strong>hanc</strong></span> <span class='ocrx_word' id='word_1_24' title='bbox 1263 411 1377 463; x_wconf 71' lang='lat' dir='ltr'><strong>vitae</strong></span> 
     </span>
     <span class='ocr_line' id='line_1_5' title="bbox 135 474 1377 549; baseline 0.002 -15"><span class='ocrx_word' id='word_1_25' title='bbox 135 489 269 546; x_wconf 88' lang='lat' dir='ltr'><strong>legem</strong></span> <span class='ocrx_word' id='word_1_26' title='bbox 287 521 303 544; x_wconf 88' lang='lat'><strong>,</strong></span> <span class='ocrx_word' id='word_1_27' title='bbox 318 474 548 546; x_wconf 31' lang='lat' dir='ltr'><strong>ftamquam</strong></span> <span class='ocrx_word' id='word_1_28' title='bbox 582 498 739 533; x_wconf 81' lang='lat' dir='ltr'><strong>rectam</strong></span> <span class='ocrx_word' id='word_1_29' title='bbox 773 487 884 532; x_wconf 86' lang='lat' dir='ltr'><strong>viam</strong></span> <span class='ocrx_word' id='word_1_30' title='bbox 902 516 919 542; x_wconf 89' lang='lat'><strong>,</strong></span> <span class='ocrx_word' id='word_1_31' title='bbox 947 498 1195 534; x_wconf 71' lang='lat' dir='ltr'>constanter</span> <span class='ocrx_word' id='word_1_32' title='bbox 1223 505 1377 549; x_wconf 82' lang='lat' dir='ltr'><strong>sequa-</strong></span> 
     </span>
     <span class='ocr_line' id='line_1_6' title="bbox 138 562 1376 622; baseline -0.004 -10"><span class='ocrx_word' id='word_1_33' title='bbox 138 579 268 622; x_wconf 88' lang='lat' dir='ltr'><strong>mur,</strong></span> <span class='ocrx_word' id='word_1_34' title='bbox 296 567 350 612; x_wconf 88' lang='lat' dir='ltr'><strong>ab</strong></span> <span class='ocrx_word' id='word_1_35' title='bbox 371 568 507 622; x_wconf 64' lang='lat' dir='ltr'><strong>eaque</strong></span> <span class='ocrx_word' id='word_1_36' title='bbox 540 562 674 610; x_wconf 86' lang='lat' dir='ltr'><strong>nullis</strong></span> <span class='ocrx_word' id='word_1_37' title='bbox 698 565 967 619; x_wconf 86' lang='lat' dir='ltr'><strong>voluptatum</strong></span> <span class='ocrx_word' id='word_1_38' title='bbox 1004 566 1246 622; x_wconf 81' lang='lat' dir='ltr'><strong>illecebris,</strong></span> <span class='ocrx_word' id='word_1_39' title='bbox 1276 571 1376 615; x_wconf 82' lang='lat' dir='ltr'><strong>nul.</strong></span> 
     </span>
     <span class='ocr_line' id='line_1_7' title="bbox 140 641 1376 699; baseline 0 -9"><span class='ocrx_word' id='word_1_40' title='bbox 140 645 200 689; x_wconf 87' lang='lat' dir='ltr'><strong>lis</strong></span> <span class='ocrx_word' id='word_1_41' title='bbox 227 645 426 690; x_wconf 85' lang='lat' dir='ltr'><strong>dolorum</strong></span> <span class='ocrx_word' id='word_1_42' title='bbox 451 641 686 687; x_wconf 85' lang='lat' dir='ltr'><strong>terroribus</strong></span> <span class='ocrx_word' id='word_1_43' title='bbox 717 641 872 687; x_wconf 85' lang='lat' dir='ltr'><strong>abduci</strong></span> <span class='ocrx_word' id='word_1_44' title='bbox 895 653 978 688; x_wconf 83' lang='lat' dir='ltr'><strong>nos</strong></span> <span class='ocrx_word' id='word_1_45' title='bbox 1006 643 1234 699; x_wconf 82' lang='lat' dir='ltr'><strong>patiamur.</strong></span> <span class='ocrx_word' id='word_1_46' title='bbox 1290 648 1376 693; x_wconf 76' lang='lat' dir='ltr'><strong>sed</strong></span> 
     </span>
     <span class='ocr_line' id='line_1_8' title="bbox 139 718 1375 780; baseline 0 -13"><span class='ocrx_word' id='word_1_47' title='bbox 139 734 274 779; x_wconf 83' lang='lat' dir='ltr'><strong>quum</strong></span> <span class='ocrx_word' id='word_1_48' title='bbox 296 721 450 767; x_wconf 79' lang='lat' dir='ltr'><strong>Virtus</strong></span> <span class='ocrx_word' id='word_1_49' title='bbox 471 732 562 765; x_wconf 87' lang='lat' dir='ltr'><strong>non</strong></span> <span class='ocrx_word' id='word_1_50' title='bbox 583 719 642 763; x_wconf 87' lang='lat' dir='ltr'><strong>sit</strong></span> <span class='ocrx_word' id='word_1_51' title='bbox 664 718 830 775; x_wconf 80' lang='lat' dir='ltr'><strong>aliquid</strong></span> <span class='ocrx_word' id='word_1_52' title='bbox 854 719 1094 765; x_wconf 88' lang='lat' dir='ltr'><strong>solitarium</strong></span> <span class='ocrx_word' id='word_1_53' title='bbox 1109 752 1126 775; x_wconf 89' lang='lat'><strong>,</strong></span> <span class='ocrx_word' id='word_1_54' title='bbox 1157 723 1277 777; x_wconf 87' lang='lat' dir='ltr'><strong>quod</strong></span> <span class='ocrx_word' id='word_1_55' title='bbox 1298 735 1375 780; x_wconf 81' lang='lat' dir='ltr'><strong>per</strong></span> 
     </span>
     <span class='ocr_line' id='line_1_9' title="bbox 140 796 1376 854; baseline -0.001 -9"><span class='ocrx_word' id='word_1_56' title='bbox 140 813 189 845; x_wconf 84' lang='lat' dir='ltr'><strong>se</strong></span> <span class='ocrx_word' id='word_1_57' title='bbox 212 800 354 844; x_wconf 88' lang='lat' dir='ltr'><strong>solum</strong></span> <span class='ocrx_word' id='word_1_58' title='bbox 383 809 478 842; x_wconf 89' lang='lat' dir='ltr'><strong>esse</strong></span> <span class='ocrx_word' id='word_1_59' title='bbox 506 804 549 841; x_wconf 88' lang='lat' dir='ltr'><strong>et</strong></span> <span class='ocrx_word' id='word_1_60' title='bbox 576 805 776 841; x_wconf 85' lang='lat' dir='ltr'><strong>constare</strong></span> <span class='ocrx_word' id='word_1_61' title='bbox 806 796 983 852; x_wconf 84' lang='lat' dir='ltr'><strong>possit,</strong></span> <span class='ocrx_word' id='word_1_62' title='bbox 1013 797 1090 842; x_wconf 82' lang='lat' dir='ltr'><strong>sed</strong></span> <span class='ocrx_word' id='word_1_63' title='bbox 1115 798 1293 854; x_wconf 89' lang='lat' dir='ltr'><strong>debeat,</strong></span> <span class='ocrx_word' id='word_1_64' title='bbox 1322 807 1376 844; x_wconf 86' lang='lat' dir='ltr'><strong>ut</strong></span> 
     </span>
     <span class='ocr_line' id='line_1_10' title="bbox 137 873 1374 931; baseline -0.001 -10"><span class='ocrx_word' id='word_1_65' title='bbox 137 877 208 922; x_wconf 82' lang='lat' dir='ltr'><strong>vis</strong></span> <span class='ocrx_word' id='word_1_66' title='bbox 230 877 276 920; x_wconf 88' lang='lat' dir='ltr'><strong>in</strong></span> <span class='ocrx_word' id='word_1_67' title='bbox 297 876 441 931; x_wconf 69' lang='lat' dir='ltr'><strong>aliqua</strong></span> <span class='ocrx_word' id='word_1_68' title='bbox 477 873 679 930; x_wconf 68' lang='lat' dir='ltr'><strong>materia,</strong></span> <span class='ocrx_word' id='word_1_69' title='bbox 711 874 773 919; x_wconf 89' lang='lat' dir='ltr'><strong>sic</strong></span> <span class='ocrx_word' id='word_1_70' title='bbox 796 874 892 931; x_wconf 76' lang='lat' dir='ltr'><strong>ipss</strong></span> <span class='ocrx_word' id='word_1_71' title='bbox 916 874 962 920; x_wconf 87' lang='lat' dir='ltr'><strong>in</strong></span> <span class='ocrx_word' id='word_1_72' title='bbox 985 875 1128 920; x_wconf 80' lang='lat' dir='ltr'><strong>animo</strong></span> <span class='ocrx_word' id='word_1_73' title='bbox 1155 886 1196 919; x_wconf 88' lang='lat' dir='ltr'><strong>et</strong></span> <span class='ocrx_word' id='word_1_74' title='bbox 1218 876 1374 921; x_wconf 60' lang='lat' dir='ltr'><strong>natura</strong></span> 
     </span>
     <span class='ocr_line' id='line_1_11' title="bbox 137 952 1374 1011; baseline -0.002 -12"><span class='ocrx_word' id='word_1_75' title='bbox 137 954 403 1011; x_wconf 85' lang='lat' dir='ltr'>intelligente</span> <span class='ocrx_word' id='word_1_76' title='bbox 433 953 601 1007; x_wconf 86' lang='lat' dir='ltr'><strong>inesse;</strong></span> <span class='ocrx_word' id='word_1_77' title='bbox 643 964 721 1008; x_wconf 78' lang='lat' dir='ltr'><strong>age</strong></span> <span class='ocrx_word' id='word_1_78' title='bbox 764 952 1034 998; x_wconf 76' lang='lat' dir='ltr'><strong>attendamus</strong></span> <span class='ocrx_word' id='word_1_79' title='bbox 1058 952 1114 998; x_wconf 79' lang='lat' dir='ltr'><strong>ad</strong></span> <span class='ocrx_word' id='word_1_80' title='bbox 1146 952 1374 997; x_wconf 85' lang='lat' dir='ltr'><strong>humanam</strong></span> 
     </span>
     <span class='ocr_line' id='line_1_12' title="bbox 136 1028 1375 1088; baseline -0.002 -10"><span class='ocrx_word' id='word_1_81' title='bbox 136 1041 360 1086; x_wconf 84' lang='lat' dir='ltr'><strong>naturam,</strong></span> <span class='ocrx_word' id='word_1_82' title='bbox 398 1042 452 1076; x_wconf 88' lang='lat' dir='ltr'><strong>ne</strong></span> <span class='ocrx_word' id='word_1_83' title='bbox 486 1029 599 1075; x_wconf 88' lang='lat' dir='ltr'><strong>forte</strong></span> <span class='ocrx_word' id='word_1_84' title='bbox 622 1029 814 1077; x_wconf 81' lang='lat' dir='ltr'>Virtutis</span> <span class='ocrx_word' id='word_1_85' title='bbox 845 1040 1005 1077; x_wconf 81' lang='lat' dir='ltr'><strong>tantam</strong></span> <span class='ocrx_word' id='word_1_86' title='bbox 1041 1028 1251 1088; x_wconf 71' lang='lat' dir='ltr'><strong>fingamus</strong></span> <span class='ocrx_word' id='word_1_87' title='bbox 1286 1042 1375 1076; x_wconf 73' lang='lat' dir='ltr'><strong>ms·</strong></span> 
     </span>
     <span class='ocr_line' id='line_1_13' title="bbox 138 1108 1375 1168; baseline -0.002 -13"><span class='ocrx_word' id='word_1_88' title='bbox 138 1111 407 1168; x_wconf 86' lang='lat' dir='ltr'><strong>gnitudinem</strong></span> <span class='ocrx_word' id='word_1_89' title='bbox 421 1142 438 1166; x_wconf 93' lang='lat'>‚</span> <span class='ocrx_word' id='word_1_90' title='bbox 471 1119 631 1166; x_wconf 84' lang='lat' dir='ltr'><strong>quanta</strong></span> <span class='ocrx_word' id='word_1_91' title='bbox 661 1110 706 1155; x_wconf 87' lang='lat' dir='ltr'><strong>in</strong></span> <span class='ocrx_word' id='word_1_92' title='bbox 728 1109 934 1154; x_wconf 82' lang='lat' dir='ltr'><strong>humanae</strong></span> <span class='ocrx_word' id='word_1_93' title='bbox 954 1118 1130 1156; x_wconf 79' lang='lat' dir='ltr'><strong>naturae</strong></span> <span class='ocrx_word' id='word_1_94' title='bbox 1150 1108 1375 1166; x_wconf 71' lang='lat' dir='ltr'><strong>angustias</strong></span> 
     </span>
     <span class='ocr_line' id='line_1_14' title="bbox 135 1185 770 1243; baseline -0.005 -10"><span class='ocrx_word' id='word_1_95' title='bbox 135 1190 283 1234; x_wconf 79' lang='lat' dir='ltr'><strong>cadere</strong></span> <span class='ocrx_word' id='word_1_96' title='bbox 310 1199 578 1243; x_wconf 83' lang='lat' dir='ltr'><strong>nequaquam</strong></span> <span class='ocrx_word' id='word_1_97' title='bbox 609 1185 770 1240; x_wconf 83' lang='lat' dir='ltr'><strong>possit.</strong></span> 
     </span>
    </p>

    <p class='ocr_par' dir='ltr' id='par_1_3' title="bbox 131 1261 1374 2016">
     <span class='ocr_line' id='line_1_15' title="bbox 187 1261 1374 1325; baseline -0.004 -14"><span class='ocrx_word' id='word_1_98' title='bbox 187 1263 280 1325; x_wconf 87' lang='lat' dir='ltr'><strong>Jam</strong></span> <span class='ocrx_word' id='word_1_99' title='bbox 305 1265 490 1323; x_wconf 86' lang='lat' dir='ltr'><strong>primum</strong></span> <span class='ocrx_word' id='word_1_100' title='bbox 513 1262 704 1310; x_wconf 83' lang='lat' dir='ltr'><strong>omnium</strong></span> <span class='ocrx_word' id='word_1_101' title='bbox 734 1271 907 1308; x_wconf 83' lang='lat' dir='ltr'><strong>constat</strong></span> <span class='ocrx_word' id='word_1_102' title='bbox 921 1293 938 1318; x_wconf 93' lang='lat'><strong>,</strong></span> <span class='ocrx_word' id='word_1_103' title='bbox 968 1262 1013 1307; x_wconf 89' lang='lat' dir='ltr'><strong>in</strong></span> <span class='ocrx_word' id='word_1_104' title='bbox 1034 1261 1223 1307; x_wconf 83' lang='lat' dir='ltr'><strong>hominis</strong></span> <span class='ocrx_word' id='word_1_105' title='bbox 1245 1272 1374 1307; x_wconf 81' lang='lat' dir='ltr'><strong>natu-</strong></span> 
     </span>
     <span class='ocr_line' id='line_1_16' title="bbox 134 1340 1371 1397; baseline -0.006 -6"><span class='ocrx_word' id='word_1_106' title='bbox 134 1346 183 1391; x_wconf 61' lang='lat' dir='ltr'><strong>ra</strong></span> <span class='ocrx_word' id='word_1_107' title='bbox 217 1357 306 1390; x_wconf 85' lang='lat' dir='ltr'><strong>eam</strong></span> <span class='ocrx_word' id='word_1_108' title='bbox 339 1356 435 1388; x_wconf 85' lang='lat' dir='ltr'><strong>esse</strong></span> <span class='ocrx_word' id='word_1_109' title='bbox 467 1341 598 1388; x_wconf 83' lang='lat' dir='ltr'><strong>animi</strong></span> <span class='ocrx_word' id='word_1_110' title='bbox 631 1340 914 1397; x_wconf 75' lang='lat' dir='ltr'>corporisque</span> <span class='ocrx_word' id='word_1_111' title='bbox 944 1340 1150 1386; x_wconf 86' lang='lat' dir='ltr'><strong>rationem</strong></span> <span class='ocrx_word' id='word_1_112' title='bbox 1187 1347 1230 1383; x_wconf 93' lang='lat' dir='ltr'><strong>et</strong></span> <span class='ocrx_word' id='word_1_113' title='bbox 1264 1349 1371 1383; x_wconf 89' lang='lat' dir='ltr'><strong>con·</strong></span> 
     </span>
     <span class='ocr_line' id='line_1_17' title="bbox 133 1414 1370 1481; baseline -0.006 -14"><span class='ocrx_word' id='word_1_114' title='bbox 133 1423 431 1481; x_wconf 86' lang='lat' dir='ltr'><strong>junctionem,</strong></span> <span class='ocrx_word' id='word_1_115' title='bbox 472 1428 523 1465; x_wconf 87' lang='lat' dir='ltr'><strong>ut</strong></span> <span class='ocrx_word' id='word_1_116' title='bbox 555 1418 698 1463; x_wconf 84' lang='lat' dir='ltr'><strong>omnis</strong></span> <span class='ocrx_word' id='word_1_117' title='bbox 731 1415 995 1474; x_wconf 77' lang='lat' dir='ltr'><strong>cognitionis</strong></span> <span class='ocrx_word' id='word_1_118' title='bbox 1026 1415 1197 1461; x_wconf 89' lang='lat' dir='ltr'><strong>initium</strong></span> <span class='ocrx_word' id='word_1_119' title='bbox 1233 1414 1290 1459; x_wconf 86' lang='lat' dir='ltr'><strong>sit</strong></span> <span class='ocrx_word' id='word_1_120' title='bbox 1323 1414 1370 1460; x_wconf 88' lang='lat' dir='ltr'><strong>in</strong></span> 
     </span>
     <span class='ocr_line' id='line_1_18' title="bbox 135 1492 1368 1553; baseline -0.01 -5"><span class='ocrx_word' id='word_1_121' title='bbox 135 1498 338 1548; x_wconf 80' lang='lat' dir='ltr'><strong>sensibus</strong></span> <span class='ocrx_word' id='word_1_122' title='bbox 363 1496 586 1553; x_wconf 87' lang='lat' dir='ltr'><strong>corporis,</strong></span> <span class='ocrx_word' id='word_1_123' title='bbox 616 1507 691 1552; x_wconf 85' lang='lat' dir='ltr'><strong>per</strong></span> <span class='ocrx_word' id='word_1_124' title='bbox 713 1508 827 1551; x_wconf 84' lang='lat' dir='ltr'><strong>quos</strong></span> <span class='ocrx_word' id='word_1_125' title='bbox 852 1493 988 1540; x_wconf 87' lang='lat' dir='ltr'><strong>veluti</strong></span> <span class='ocrx_word' id='word_1_126' title='bbox 1016 1494 1199 1539; x_wconf 81' lang='lat' dir='ltr'><strong>nuncios</strong></span> <span class='ocrx_word' id='word_1_127' title='bbox 1223 1492 1368 1538; x_wconf 70' lang='lat' dir='ltr'><strong>animo</strong></span> 
     </span>
     <span class='ocr_line' id='line_1_19' title="bbox 133 1571 1368 1626; baseline -0.004 -5"><span class='ocrx_word' id='word_1_128' title='bbox 133 1576 380 1622; x_wconf 80' lang='lat' dir='ltr'><strong>adferantur</strong></span> <span class='ocrx_word' id='word_1_129' title='bbox 410 1573 589 1620; x_wconf 85' lang='lat' dir='ltr'><strong>notitiae</strong></span> <span class='ocrx_word' id='word_1_130' title='bbox 613 1585 751 1618; x_wconf 90' lang='lat' dir='ltr'><strong>rerum</strong></span> <span class='ocrx_word' id='word_1_131' title='bbox 779 1582 1076 1626; x_wconf 80' lang='lat' dir='ltr'><strong>externarum,</strong></span> <span class='ocrx_word' id='word_1_132' title='bbox 1106 1571 1150 1615; x_wconf 90' lang='lat' dir='ltr'><strong>id</strong></span> <span class='ocrx_word' id='word_1_133' title='bbox 1176 1581 1271 1626; x_wconf 88' lang='lat' dir='ltr'><strong>est,</strong></span> <span class='ocrx_word' id='word_1_134' title='bbox 1302 1583 1368 1616; x_wconf 85' lang='lat' dir='ltr'><strong>re·</strong></span> 
     </span>
     <span class='ocr_line' id='line_1_20' title="bbox 135 1646 1370 1715; baseline -0.005 -16"><span class='ocrx_word' id='word_1_135' title='bbox 135 1665 229 1715; x_wconf 83' lang='lat' dir='ltr'><strong>rum</strong></span> <span class='ocrx_word' id='word_1_136' title='bbox 260 1663 594 1709; x_wconf 84' lang='lat' dir='ltr'><strong>corporearum,</strong></span> <span class='ocrx_word' id='word_1_137' title='bbox 631 1649 944 1706; x_wconf 84' lang='lat' dir='ltr'><strong>singularium,</strong></span> <span class='ocrx_word' id='word_1_138' title='bbox 974 1648 1027 1693; x_wconf 85' lang='lat' dir='ltr'><strong>in&#39;</strong></span> <span class='ocrx_word' id='word_1_139' title='bbox 1052 1646 1170 1693; x_wconf 83' lang='lat' dir='ltr'><strong>facto</strong></span> <span class='ocrx_word' id='word_1_140' title='bbox 1203 1647 1370 1703; x_wconf 79' lang='lat' dir='ltr'><strong>posita·</strong></span> 
     </span>
     <span class='ocr_line' id='line_1_21' title="bbox 132 1724 1368 1788; baseline -0.006 -11"><span class='ocrx_word' id='word_1_141' title='bbox 132 1744 260 1788; x_wconf 85' lang='lat' dir='ltr'><strong>rum,</strong></span> <span class='ocrx_word' id='word_1_142' title='bbox 290 1740 407 1775; x_wconf 89' lang='lat' dir='ltr'><strong>certo</strong></span> <span class='ocrx_word' id='word_1_143' title='bbox 434 1727 616 1785; x_wconf 79' lang='lat' dir='ltr'><strong>tempori</strong></span> <span class='ocrx_word' id='word_1_144' title='bbox 639 1729 828 1783; x_wconf 86' lang='lat' dir='ltr'><strong>locoque</strong></span> <span class='ocrx_word' id='word_1_145' title='bbox 856 1726 1173 1770; x_wconf 78' lang='lat' dir='ltr'><strong>adstrictuum.</strong></span> <span class='ocrx_word' id='word_1_146' title='bbox 1235 1724 1368 1769; x_wconf 83' lang='lat' dir='ltr'><strong>Vide·</strong></span> 
     </span>
     <span class='ocr_line' id='line_1_22' title="bbox 132 1802 1362 1864; baseline -0.009 -8"><span class='ocrx_word' id='word_1_147' title='bbox 132 1810 227 1864; x_wconf 86' lang='lat' dir='ltr'><strong>tis,</strong></span> <span class='ocrx_word' id='word_1_148' title='bbox 268 1807 500 1854; x_wconf 82' lang='lat' dir='ltr'><strong>Auditores</strong></span> <span class='ocrx_word' id='word_1_149' title='bbox 543 1805 888 1860; x_wconf 81' lang='lat' dir='ltr'><strong>Humanissimi‚</strong></span> <span class='ocrx_word' id='word_1_150' title='bbox 930 1804 976 1849; x_wconf 89' lang='lat' dir='ltr'><strong>in</strong></span> <span class='ocrx_word' id='word_1_151' title='bbox 1019 1803 1117 1859; x_wconf 89' lang='lat' dir='ltr'><strong>ipso</strong></span> <span class='ocrx_word' id='word_1_152' title='bbox 1151 1802 1276 1847; x_wconf 88' lang='lat' dir='ltr'><strong>initio</strong></span> <span class='ocrx_word' id='word_1_153' title='bbox 1318 1811 1362 1846; x_wconf 89' lang='lat' dir='ltr'><strong>et</strong></span> 
     </span>
     <span class='ocr_line' id='line_1_23' title="bbox 133 1881 1363 1942; baseline -0.007 -9"><span class='ocrx_word' id='word_1_154' title='bbox 133 1885 307 1932; x_wconf 64' lang='lat' dir='ltr'><strong>materia</strong></span> <span class='ocrx_word' id='word_1_155' title='bbox 328 1884 624 1942; x_wconf 79' lang='lat' dir='ltr'><strong>cognitionis,</strong></span> <span class='ocrx_word' id='word_1_156' title='bbox 654 1883 982 1929; x_wconf 82' lang='lat' dir='ltr'><strong>similitudinem</strong></span> <span class='ocrx_word' id='word_1_157' title='bbox 1006 1881 1225 1930; x_wconf 76' lang='lat' dir='ltr'><strong>Historiae</strong></span> <span class='ocrx_word' id='word_1_158' title='bbox 1260 1892 1363 1925; x_wconf 86' lang='lat' dir='ltr'><strong>cum</strong></span> 
     </span>
     <span class='ocr_line' id='line_1_24' title="bbox 131 1960 999 2016; baseline -0.008 -8"><span class='ocrx_word' id='word_1_159' title='bbox 131 1964 302 2009; x_wconf 62' lang='lat' dir='ltr'><strong>natura.</strong></span> <span class='ocrx_word' id='word_1_160' title='bbox 359 1960 511 2005; x_wconf 86' lang='lat' dir='ltr'><strong>Videte</strong></span> <span class='ocrx_word' id='word_1_161' title='bbox 542 1972 674 2016; x_wconf 87' lang='lat' dir='ltr'><strong>porro</strong></span> <span class='ocrx_word' id='word_1_162' title='bbox 701 1969 999 2016; x_wconf 84' lang='lat' dir='ltr'><strong>progressum.</strong></span> 
     </span>
    </p>

    <p class='ocr_par' dir='ltr' id='par_1_4' title="bbox 50 2036 1364 2559">
     <span class='ocr_line' id='line_1_25' title="bbox 187 2036 1363 2094; baseline -0.005 -8"><span class='ocrx_word' id='word_1_163' title='bbox 187 2040 336 2086; x_wconf 78' lang='lat' dir='ltr'><strong>Infans</strong></span> <span class='ocrx_word' id='word_1_164' title='bbox 370 2037 555 2094; x_wconf 87' lang='lat' dir='ltr'><strong>primum</strong></span> <span class='ocrx_word' id='word_1_165' title='bbox 600 2038 802 2083; x_wconf 85' lang='lat' dir='ltr'><strong>sensibus</strong></span> <span class='ocrx_word' id='word_1_166' title='bbox 848 2046 1073 2092; x_wconf 89' lang='lat' dir='ltr'><strong>movetur,</strong></span> <span class='ocrx_word' id='word_1_167' title='bbox 1114 2037 1184 2080; x_wconf 84' lang='lat' dir='ltr'><strong>vel</strong></span> <span class='ocrx_word' id='word_1_168' title='bbox 1218 2036 1363 2093; x_wconf 83' lang='lat' dir='ltr'><strong>specie</strong></span> 
     </span>
     <span class='ocr_line' id='line_1_26' title="bbox 50 2114 1361 2171; baseline -0.003 -10"><span class='ocrx_word' id='word_1_169' title='bbox 50 2132 54 2137; x_wconf 88' lang='lat'><strong>·</strong></span> <span class='ocrx_word' id='word_1_170' title='bbox 130 2117 278 2171; x_wconf 72' lang='lat' dir='ltr'><strong>aliqua</strong></span> <span class='ocrx_word' id='word_1_171' title='bbox 311 2115 489 2160; x_wconf 86' lang='lat' dir='ltr'><strong>clariore</strong></span> <span class='ocrx_word' id='word_1_172' title='bbox 506 2114 661 2160; x_wconf 88' lang='lat' dir='ltr'><strong>oculos</strong></span> <span class='ocrx_word' id='word_1_173' title='bbox 688 2114 743 2159; x_wconf 82' lang='lat' dir='ltr'><strong>ad</strong></span> <span class='ocrx_word' id='word_1_174' title='bbox 765 2126 812 2159; x_wconf 88' lang='lat' dir='ltr'><strong>se</strong></span> <span class='ocrx_word' id='word_1_175' title='bbox 834 2125 1136 2169; x_wconf 84' lang='lat' dir='ltr'><strong>convertente,</strong></span> <span class='ocrx_word' id='word_1_176' title='bbox 1163 2114 1231 2158; x_wconf 90' lang='lat' dir='ltr'><strong>vel</strong></span> <span class='ocrx_word' id='word_1_177' title='bbox 1249 2126 1361 2159; x_wconf 89' lang='lat' dir='ltr'><strong>sono</strong></span> 
     </span>
     <span class='ocr_line' id='line_1_27' title="bbox 128 2192 1362 2248; baseline -0.002 -8"><span class='ocrx_word' id='word_1_178' title='bbox 128 2195 321 2240; x_wconf 83' lang='lat' dir='ltr'><strong>acutiore</strong></span> <span class='ocrx_word' id='word_1_179' title='bbox 341 2206 462 2237; x_wconf 86' lang='lat' dir='ltr'><strong>aures</strong></span> <span class='ocrx_word' id='word_1_180' title='bbox 492 2193 784 2248; x_wconf 85' lang='lat' dir='ltr'><strong>percutiente,</strong></span> <span class='ocrx_word' id='word_1_181' title='bbox 814 2194 883 2237; x_wconf 87' lang='lat' dir='ltr'><strong>vel</strong></span> <span class='ocrx_word' id='word_1_182' title='bbox 914 2201 1032 2237; x_wconf 88' lang='lat' dir='ltr'><strong>tactu</strong></span> <span class='ocrx_word' id='word_1_183' title='bbox 1066 2192 1207 2236; x_wconf 84' lang='lat' dir='ltr'><strong>aliove</strong></span> <span class='ocrx_word' id='word_1_184' title='bbox 1230 2204 1362 2239; x_wconf 85' lang='lat' dir='ltr'><strong>sensu</strong></span> 
     </span>
     <span class='ocr_line' id='line_1_28' title="bbox 130 2268 1362 2326; baseline -0.002 -11"><span class='ocrx_word' id='word_1_185' title='bbox 130 2282 446 2326; x_wconf 86' lang='lat' dir='ltr'><strong>quamcumque</strong></span> <span class='ocrx_word' id='word_1_186' title='bbox 468 2269 662 2325; x_wconf 87' lang='lat' dir='ltr'><strong>corporis</strong></span> <span class='ocrx_word' id='word_1_187' title='bbox 684 2278 844 2325; x_wconf 87' lang='lat' dir='ltr'><strong>partem</strong></span> <span class='ocrx_word' id='word_1_188' title='bbox 866 2268 1156 2324; x_wconf 81' lang='lat' dir='ltr'><strong>sollicitante,</strong></span> <span class='ocrx_word' id='word_1_189' title='bbox 1185 2269 1277 2314; x_wconf 84' lang='lat' dir='ltr'><strong>sive</strong></span> <span class='ocrx_word' id='word_1_190' title='bbox 1305 2269 1362 2313; x_wconf 80' lang='lat' dir='ltr'><strong>ad</strong></span> 
     </span>
     <span class='ocr_line' id='line_1_29' title="bbox 125 2345 1364 2403; baseline -0.004 -11"><span class='ocrx_word' id='word_1_191' title='bbox 125 2349 424 2402; x_wconf 80' lang='lat' dir='ltr'><strong>voluptatem,</strong></span> <span class='ocrx_word' id='word_1_192' title='bbox 464 2346 556 2390; x_wconf 82' lang='lat' dir='ltr'><strong>sive</strong></span> <span class='ocrx_word' id='word_1_193' title='bbox 595 2346 648 2391; x_wconf 82' lang='lat' dir='ltr'><strong>sd</strong></span> <span class='ocrx_word' id='word_1_194' title='bbox 687 2346 895 2394; x_wconf 84' lang='lat' dir='ltr'><strong>dolorem.</strong></span> <span class='ocrx_word' id='word_1_195' title='bbox 961 2345 1204 2403; x_wconf 80' lang='lat' dir='ltr'><strong>Deinceps,</strong></span> <span class='ocrx_word' id='word_1_196' title='bbox 1241 2359 1364 2391; x_wconf 88' lang='lat' dir='ltr'><strong>eom.</strong></span> 
     </span>
     <span class='ocr_line' id='line_1_30' title="bbox 126 2421 1360 2480; baseline 0 -12"><span class='ocrx_word' id='word_1_197' title='bbox 126 2422 328 2480; x_wconf 85' lang='lat' dir='ltr'><strong>pluribus</strong></span> <span class='ocrx_word' id='word_1_198' title='bbox 361 2422 546 2466; x_wconf 86' lang='lat' dir='ltr'><strong>animum</strong></span> <span class='ocrx_word' id='word_1_199' title='bbox 581 2421 872 2467; x_wconf 83' lang='lat' dir='ltr'><strong>subeuntibus</strong></span> <span class='ocrx_word' id='word_1_200' title='bbox 893 2421 1051 2478; x_wconf 85' lang='lat' dir='ltr'><strong>rebus,</strong></span> <span class='ocrx_word' id='word_1_201' title='bbox 1079 2423 1360 2469; x_wconf 79' lang='lat' dir='ltr'><strong>similitudine</strong></span> 
     </span>
     <span class='ocr_line' id='line_1_31' title="bbox 126 2500 1362 2559; baseline 0 -13"><span class='ocrx_word' id='word_1_202' title='bbox 126 2501 394 2557; x_wconf 70' lang='lat' dir='ltr'><strong>colliguntur</strong></span> <span class='ocrx_word' id='word_1_203' title='bbox 430 2500 639 2547; x_wconf 87' lang='lat' dir='ltr'><strong>obscurae</strong></span> <span class='ocrx_word' id='word_1_204' title='bbox 674 2501 877 2559; x_wconf 82' lang='lat' dir='ltr'><strong>quaedam</strong></span> <span class='ocrx_word' id='word_1_205' title='bbox 918 2500 1181 2549; x_wconf 72' lang='lat' dir='ltr'><strong>universales</strong></span> <span class='ocrx_word' id='word_1_206' title='bbox 1213 2503 1362 2548; x_wconf 89' lang='lat' dir='ltr'><strong>notio·</strong></span> 
     </span>
    </p>

    <p class='ocr_par' dir='ltr' id='par_1_5' title="bbox 1253 2593 1363 2640">
     <span class='ocr_line' id='line_1_32' title="bbox 1253 2593 1363 2640; baseline 0.009 -13"><span class='ocrx_word' id='word_1_207' title='bbox 1253 2593 1363 2640; x_wconf 84' lang='lat' dir='ltr'><strong>nes,</strong></span> 
     </span>
    </p>
   </div>
  </div>
 </body>
</html>
