1624 3016
247 146 330 203 2⁸4
421 124 427 132 ‘
479 136 821 187 PRAEFATIO
848 153 911 187 ιι
940 138 1231 188 emmone

245 279 336 315 non
367 271 523 324 essent.
583 262 753 308 indices
784 260 864 306 mei
896 264 1025 308 semel
1061 264 1249 310 confecti
1284 266 1471 312 multum

249 340 356 387 mihi
389 336 646 395 profuerunt
666 338 718 382 ad
739 337 899 383 laboris
923 340 1254 395 compendium:
1283 343 1377 398 ipsa
1399 355 1473 387 eo·

246 429 343 462 rum
379 414 596 460 confectio
629 415 829 472 msJorem
865 425 1027 471 partem
1061 417 1265 472 temporis
1288 431 1312 463 a
1336 432 1401 464 me
1428 420 1475 465 in

247 493 481 538 Plutarcho
504 492 708 537 collocati
733 491 973 548 absumsit,
1003 486 1203 550 fuitque,
1230 504 1471 552 caeterum,

249 584 379 627 supr-a
411 583 536 627 quam
571 571 656 617 dici
691 582 862 628 potest,
893 573 1017 630 plena
1052 574 1212 619 laboris
1244 588 1292 619 sc
1320 575 1479 630 taedii,

253 651 382 708 eujus
414 649 608 695 molestia
651 650 786 705 lpssm
830 650 1079 698 suavitatem
1114 653 1313 697 lectioni·
1341 653 1479 697 libro·

248 742 344 775 rum
361 729 708 775 Plutarcbeorum
737 729 963 775 obrueret:
980 742 1092 787 quae
1113 742 1212 775 sane
1234 730 1364 775 lectio
1388 730 1485 775 isti-

250 818 306 851 us
339 817 560 851 aerumnae
590 804 764 850 unicum
796 803 885 849 fult
926 806 1147 851 solatium.
1207 805 1326 851 Utile
1367 805 1482 851 forte

253 883 312 927 sit
326 883 380 927 ad
389 883 572 929 aliorum
593 882 926 927 admonitionem
947 883 1107 940 quibus
1117 883 1348 939 aliquando
1369 883 1480 928 iden

248 972 400 1006 uxum
440 961 699 1006 volvendum
736 960 818 1004 erit
857 960 903 1004 in
936 962 1110 1006 edendis
1146 973 1322 1018 magnae
1352 960 1481 1015 molis

190 1063 192 1069 ·
247 1035 546 1089 Auctoribus,
574 1035 651 1079 sed
682 1035 860 1091 longum
897 1043 963 1080 est
987 1047 1069 1091 pro
1098 1033 1384 1092 praemione,
1413 1048 1480 1081 rc-

247 1112 386 1168 ferre,
417 1122 466 1156 ut
488 1113 779 1167 enotaverim,
808 1113 1135 1167 annotaverim,
1165 1113 1481 1169 excerp-erim,

246 1201 447 1246 excerpta
478 1189 522 1234 in
557 1189 726 1235 Iudices
757 1188 911 1236 referre
952 1190 1191 1236 studuerim
1233 1190 1485 1235 brevissima

249 1271 442 1324 ratione,
473 1269 657 1325 primum
696 1269 938 1326 continu03
979 1278 1071 1314 tum
1108 1268 1400 1326 peculiaribus
1434 1263 1481 1315 iu

250 1347 424 1393 schedis
456 1347 524 1391 vei
561 1346 711 1391 ordine
743 1346 957 1390 llterarum
990 1346 1061 1390 vel
1094 1345 1349 1401 simpliciter
1373 1347 1484 1390 scri-

248 1424 387 1478 bens,
424 1422 584 1479 scripta
625 1422 963 1467 transscribensz
1007 1431 1059 1466 ut
1087 1420 1181 1467 viae
1212 1408 1487 1477 longitudine

249 1498 535 1554 defatigatus,
565 1497 660 1553 cius
680 1498 982 1553 compendium
1005 1496 1284 1552 quaesiverim
1309 1509 1387 1544 nec
1414 1497 1483 1542 in·

245 1574 462 1620 venerim:
494 1584 542 1618 ut
563 1574 716 1619 iterum
745 1575 1023 1630 tentaverim,
1052 1586 1094 1620 et
1114 1577 1342 1632 pererratis
1371 1574 1485 1619 mul·

246 1652 307 1697 tis
339 1645 590 1709 imbagibus
623 1652 807 1708 denique
838 1654 892 1698 ad
929 1652 1110 1709 primam
1162 1654 1488 1710 longioremque

247 1730 362 1776 viam
398 1730 582 1785 recipere
614 1741 682 1773 me
717 1739 897 1775 coactus
938 1730 1111 1776 fuerim.
1182 1729 1369 1789 Quoties
1402 1742 1487 1787 ego

248 1817 356 1852 tunc
412 1808 466 1852 de
521 1819 974 1854 vancxzmuuo
1023 1806 1251 1865 cogitavi!
1300 1817 1488 1861 eumque

249 1901 340 1933 non
367 1887 461 1932 sine
490 1889 655 1933 ratione
675 1889 815 1944 egisse
839 1887 1058 1941 intellexi,
1087 1898 1224 1941 quum
1252 1885 1357 1929 mihi
1390 1895 1493 1930 sno-
1591 1887 1593 1889 ’

248 1964 406 2017 simet,
436 1960 526 2008 non
561 1965 785 2018 universa,
817 1965 891 2007 sed
928 1963 1097 2018 singula
1129 1957 1349 2005 Plutarchi
1384 1957 1494 2003 scri·

248 2046 324 2096 pta
347 2041 484 2085 edere.
522 2041 606 2084 Sed
625 2042 776 2097 jamin
803 2040 990 2084 stadium
1019 2040 1214 2095 ingresso
1235 2048 1278 2083 et
1295 2048 1492 2103 eousque

248 2131 478 2175 progresso
490 2128 618 2174 turpe
642 2119 747 2162 mihi
766 2119 971 2163 ducebam
987 2120 1203 2171 recedere,
1228 2127 1271 2160 et
1290 2117 1490 2171 quemvis

246 2197 398 2250 potius
433 2196 618 2240 laborem
650 2195 950 2239 exantlandum
982 2194 1222 2238 statuebam
1250 2205 1380 2248 quam
1401 2192 1496 2236 edi·

250 2273 388 2317 tionis
433 2273 698 2328 propositam
742 2285 861 2328 spem
908 2274 1163 2327 laudemque
1202 2270 1488 2315 deserendum.

249 2347 450 2402 Perrexi,
479 2348 655 2404 perfeci.
699 2349 759 2394 Et
784 2359 888 2394 sunt
909 2363 1011 2394 sane
1045 2350 1090 2393 hi
1110 2350 1197 2406 jam
1223 2348 1389 2393 ludices
1409 2358 1491 2394 stu

251 2425 425 2473 materia
446 2427 607 2484 expleti
626 2427 822 2485 mihique
842 2429 896 2475 ad
918 2439 1060 2474 meum
1081 2439 1208 2473 usum
1233 2425 1505 2474 utilissimis
1575 2415 1580 2417 ’

1381 2503 1491 2554 alien.
