1624 3016
313 123 389 174 m
423 121 783 172 mmmmm
818 120 1121 171 MGRAmA.
1189 111 1198 118 “
1261 128 1355 187 455

114 260 220 311 quas
250 249 646 298 Animadversionis
677 251 893 309 cujusque
920 259 1218 307 argumentum
1260 265 1344 309 po-

114 330 275 379 stulare
299 328 532 374 videbitur.
1350 334 1361 340 “

169 405 263 451 Hac
287 407 389 451 item
424 419 500 463 spe
530 405 698 460 fretus,
742 416 833 449 non
866 404 1018 449 laboro
1047 405 1112 449 de‘
1138 406 1362 461 graculis.⁴

114 480 286 527 Horum
309 491 376 528 est
398 483 555 538 duplex
580 492 735 536 genus.
794 478 887 523 Alii
907 480 954 523 in
977 491 1142 524 errores
1165 492 1208 525 et
1231 495 1358 537 praee

117 561 340 605 tet-missos
373 561 494 604 locos
529 558 753 605 involant:
785 555 857 600 alii
881 556 925 600 in
947 566 1060 600 reete
1079 569 1263 612 vereque
1283 560 1351 604 di·

115 647 202 681 cta.
261 636 327 682 De
348 636 434 680 illis
459 647 592 689 supra
624 633 743 678 dixi:
774 633 828 677 de
857 632 928 676 his
961 643 1080 677 nune
1103 634 1347 682 dicendum.

114 714 178 759 Et
204 726 305 759 vero
331 715 456 769 plane
477 722 582 757 sunt
606 710 794 765 germani
826 710 992 766 posteri
1012 710 1130 755 illius
1154 714 1199 756 in
1222 711 1352 756 fabu-

114 789 155 833 la
180 788 368 844 graculi,
397 787 476 843 qui
498 785 707 832 assumtis
724 785 906 831 aliarum
929 786 1074 830 avium
1098 787 1253 841 pennis
1274 800 1353 832 su-

115 863 359 918 perbiebatz
391 862 641 917 frequentes
666 862 730 905 illi
753 862 799 906 in
820 873 972 917 genere
1004 874 1102 906 cum
1131 863 1355 920 Bibliopo-

116 944 253 987 larum
278 951 370 987 tum
391 941 663 998 Scriptorum
681 954 696 984 τ
719 941 834 996 apud
858 952 1003 996 quos,
1029 951 1079 984 ut
1102 951 1208 986 sunt
1226 954 1354 988 secu-

116 1018 151 1062 li
179 1031 350 1073 mores,
381 1019 516 1075 plagii
555 1027 762 1073 quaestus
790 1029 881 1062 non
906 1018 1042 1072 magia
1063 1018 1204 1074 turpis
1227 1019 1357 1065 babe-

119 1102 219 1148 tur,
251 1107 379 1150 quam
418 1094 604 1139 heroicis
635 1094 905 1148 temporibus
940 1094 1161 1150 piraticam
1187 1094 1360 1141 factita-

120 1183 182 1216 re.
242 1173 415 1226 Atque‚
450 1178 497 1215 ut
531 1179 637 1215 tunc
667 1170 762 1214 sine
796 1170 1082 1215 contumeliae
1107 1172 1361 1228 suspicione

121 1248 369 1304 peregrinos
392 1249 576 1293 advenas
602 1248 921 1303 interrogabant
942 1261 997 1294 an
1018 1259 1160 1295 esseut
1190 1255 1360 1304 aninu-

119 1343 182 1383 ρις
215 1326 279 1383 (*
298 1327 350 1382 ),
390 1324 450 1370 ita
479 1337 597 1370 nunc
639 1324 732 1369 sine
764 1325 1024 1379 ignominiae
1054 1334 1157 1371 nota
1192 1326 1362 1382 quaeri·

123 1415 223 1447 mus
249 1411 291 1447 et
325 1414 544 1446 narramus
581 1402 635 1446 de
661 1402 959 1457 scriptoribus
989 1412 1032 1447 et
1067 1402 1360 1459 Bibliopolis,

122 1490 266 1525 utrum
296 1491 376 1523 sua
408 1491 463 1524 an
486 1478 652 1533 aliena,
680 1479 727 1524 id
755 1488 822 1523 est
850 1477 971 1523 furto
998 1491 1220 1537 surrepta,
1253 1492 1357 1527 ven.

123 1555 252 1599 danti
298 1567 387 1600 non
420 1555 484 1599 illi
527 1556 699 1610 quidem
744 1559 888 1614 ψυχὴν
919 1559 1184 1613 περθόμενοι,
1222 1558 1358 1609 vitam

126 1634 447 1692 periclitantes,
477 1636 553 1679 sed
585 1636 741 1680 bonam
779 1635 1134 1682 existimationem
1154 1636 1360 1693 abjicien-

124 1723 207 1757 tes.
266 1712 326 1757 Et
348 1721 487 1757 tamen
510 1714 650 1758 neutri
673 1713 878 1757 rationem
895 1743 914 1767 ‚
943 1725 1030 1769 qua
1050 1725 1100 1758 se
1127 1724 1359 1768 tueantur.

125 1788 213 1833 eibi
234 1788 381 1852 deesse
401 1797 572 1843 putant.
610 1787 856 1844 Bibliopola
874 1787 1127 1844 profitetur,
1145 1802 1195 1833 se
1218 1802 1362 1835 exem·

127 1867 202 1923 pla
222 1864 328 1909 boni
343 1865 442 1910 libri
458 1865 956 1924 frequentare‚ejusque
977 1867 1168 1913 fructum
1187 1870 1240 1914 ad
1261 1870 1364 1924 plu-

127 1944 238 1988 rium
262 1941 483 1988 hominum
507 1956 635 1989 usum
659 1957 910 2000 propagare.
940 1944 1211 2002 Scriptores,
1232 1947 1361 2002 quip-

129 2031 183 2075 pe
203 2031 303 2062 cum
329 2020 452 2063 lucto
469 2019 595 2062 etiam
620 2018 844 2075 gloriolam
881 2024 1208 2075 contectantes,
1237 2021 1368 2066 dicti·

126 2104 222 2141 tant
252 2107 302 2139 se
323 2095 423 2138 libri
451 2097 694 2150 materiam,
723 2086 879 2140 bonam
909 2095 1082 2151 quidem
1106 2096 1251 2151 illam,
1282 2098 1360 2143 aed

130 2174 277 2217 rudem
305 2182 349 2216 et
371 2173 624 2229 indigestam
637 2204 654 2227 ,
682 2173 848 2230 judicio
864 2173 1159 2230 elegantiaque
1177 2175 1368 2232 digerere

130 2259 173 2294 et
196 2250 249 2293 ad
269 2261 542 2295 communem
577 2260 754 2306 captum
790 2264 840 2295 ac
876 2252 1096 2307 publicam
1132 2254 1360 2300 utilitatem

129 2327 415 2374 conformare.
461 2329 614 2385 Itaque
638 2327 831 2374 bifariam
854 2329 906 2374 iit
930 2330 1045 2375 haec>
1062 2331 1271 2377 librorum
1297 2343 1367 2376 re-

1294 2422 1370 2466 pe-

183 2507 277 2563 (⁸)
300 2505 460 2552 Homer.
487 2510 647 2564 Od'q'.
670 2521 733 2561 73.
761 2513 789 2552 ί.
814 2522 901 2564 254„
926 2490 1144 2563 Thucydid.
1169 2509 1216 2559 1,
1239 2521 1283 2562 5.

641 2584 678 2629 F
690 2582 717 2627 f
750 2598 780 2640 4
