1624 3016
213 190 220 219 ι
288 168 1102 238 ''PH1L03.CUML1TTER18.
1274 192 1396 244 ηρ·

127 315 292 364 nimum
317 301 484 365 morum
509 315 702 371 probitas
724 324 853 371 atque
888 315 1107 371 suavitas3
1138 313 1272 366 haec,
1305 318 1357 356 ut

126 393 291 447 reliqua
312 394 454 436 omnia
468 423 484 446 ,
517 391 561 435 in
583 389 650 434 Te
672 381 871 446 profecto
892 401 1007 434 tanta
1028 399 1162 444 sunt,
1185 399 1233 433 ut
1254 385 1364 433 mih!

129 468 177 512 in
210 468 335 513 istam
370 466 616 513 societatem
647 478 737 510 non
761 447 864 509 cast'x
894 465 1094 509 fortunae
1128 464 1364 518 incidisse,

129 554 205 589 aut
233 555 327 588 meo
357 543 543 589 consilio
574 542 850 598 pervenisse,
892 541 968 585 aed
998 540 1051 583 ab
1082 542 1177 596 ipsa
1207 541 1361 585 Provi-

130 623 272 667 dentia
303 618 514 666 addu'ctu's
552 630 647 663 eoae
690 618 851 663 videar.
925 615 1079 672 Itaque
1128 616 1214 661 hoc
1254 610 1361 661 Tibi

129 698 323 755 spondeo
341 707 471 751 atque
489 694 730 751 polliceor,
761 705 829 738 me
851 693 971 738 omni
991 693 1074 739 flzie
1093 704 1135 739 et
1152 703 1361 740 constan·

129 775 189 819 tia
211 783 359 820 omnes
384 785 497 818 meas
519 784 650 817 curas
674 781 720 816 et
752 771 1040 829 cogitationes
1073 771 1120 818 in
1152 772 1235 817 hoc
1267 772 1363 817 eol·

123 854 396 907 locaturum,
439 851 656 909 primum,
696 861 797 895 cum
828 850 994 907 collega
1028 849 1134 895 Tibi
1166 853 1359 908 comple·
1413 879 1417 885 -

123 931 307 976 etendus
339 929 396 974 sit
434 929 756 986 qualiscunque
787 936 929 982 esset,
960 937 1011 972 ut
1047 939 1113 972 me
1137 927 1261 972 talem
1289 928 1365 971 ha-

122 1009 224 1055 beas
262 1020 389 1064 quem
420 1008 603 1052 libenter
641 1006 770 1052 etiam
807 1004 1139 1062 complectarisz
1177 1004 1363 1060 deinde,

122 1097 223 1132 cum
278 1097 362 1131 una
417 1085 608 1129 omnium
652 1084 830 1130 maxima
867 1083 1207 1141 gravissimaque
1260 1095 1360 1138 rea,

123 1163 306 1210 Schoiae
347 1163 477 1220 hujus
516 1163 714 1217 utilitas,
758 1174 907 1208 nostra
955 1156 1098 1208 stu‘dia
1140 1164 1365 1211 continere

122 1238 296 1294 debeat,
329 1248 378 1283 ut
402 1248 608 1294 quantum
632 1241 773 1284 eadem
806 1242 991 1295 decore,
1022 1252 1063 1286 et
1093 1239 1213 1287 felici
1246 1243 1366 1299 inge-

123 1307 294 1363 niorum
324 1326 542 1373 proventu
572 1326 769 1371 crescat,
800 1326 967 1362 tantum
1002 1327 1171 1375 semper
1201 1319 1254 1363 ad
1282 1331 1366 1364 no·

124 1402 254 1437 stt-am
277 1391 502 1436 amicitiam
546 1403 683 1438 novae
725 1393 912 1449 gratiae,
958 1394 1187 1441 suavitatIs
1231 1407 1365 1453 atque

122 1470 353 1515 firmitatis
381 1470 578 1515 accedat:
604 1471 839 1526 'denique‚
882 1472 927 1515 in
966 1473 1045 1517 hac
1088 1482 1244 1529 opera,
1291 1486 1360 1517 me

122 1548 247 1594 Tuae
284 1547 535 1596 auctoritati
587 1558 751 1593 tantum
798 1546 1063 1595 tributurum
1087 1581 1104 1604 ,
1148 1560 1359 1606 quantum

123 1623 218 1684 ipse
241 1635 333 1670 tum
354 1636 441 1671 usu
464 1635 593 1680 atque
617 1625 871 1682 experientia
896 1628 1045 1681 valea,
1070 1637 1163 1672 tum
1187 1628 1363 1685 Ingenio

119 1694 250 1758 atquae
269 1701 464 1748 doctrina
491 1710 698 1758 praestas.

140 1788 146 1792 ·
177 1777 368 1823 Tandem
389 1778 442 1822 ad
460 1777 556 1823 Vos
581 1791 646 1823 me
665 1788 901 1834 converto,
933 1778 1251 1826 humanissimi·
1262 1794 1361 1828 sua-

122 1848 381 1911 vissim'ique
416 1843 914 1915 commilitones,'spes
947 1858 1113 1904 Patriae
1143 1874 1191 1905 ac
1225 1861 1364 1907 Reve-

122 1938 274 1983 rendae
305 1935 554 1985 Societatis.
623 1934 721 1984 Vos
755 1925 1091 1987 honestissimus
1126 1941 1265 1987 laudis
1300 1951 1366 1986 at·

123 2028 211 2072 que
249 2014 468 2060 doctrinae
497 2024 617 2059 amor
646 2015 692 2059 in
723 2028 812 2059 eam
853 2017 1012 2062 accivit
1045 2018 1276 2074 scholam,
1317 2020 1364 2065 in

125 2108 212 2152 qua
244 2107 286 2142 et
315 2110 395 2154 ego
428 2109 545 2141 nunc
576 2095 744 2141 Doctor
771 2098 1042 2143 constitutus
1065 2110 1192 2154 sum,
1233 2107 1274 2144 et
1304 2098 1359 2144 ad

123 2187 206 2221 vos
230 2170 367 2219 oratio
392 2184 539 2220 nostra
563 2176 743 2220 maxime
778 2173 988 2239 spectavit
1014 2165 1264 2222 excitandos
1297 2184 1365 2223 at·

128 2267 214 2312 que
243 2255 604 2308 commovendos,
651 2264 699 2298 ut
730 2256 900 2300 exculta
934 2256 1072 2311 probe
1104 2265 1146 2300 et
1181 2258 1363 2304 subacta

95 2329 99 2337 “
126 2325 461 2383 elegantioribus
494 2330 649 2375 litteris
675 2331 842 2388 ingenia
866 2334 919 2376 ad
941 2329 1247 2391 Philosophiae
1268 2346 1366 2382 atu·

126 2404 246 2448 dium
281 2404 496 2453 adferatis.
556 2407 640 2453 Sed
671 2421 882 2465 praeterea
911 2409 1006 2455 Vos
1042 2411 1194 2458 hortor
1220 2423 1263 2458 et
1275 2411 1367 2460 'ob-

128 2491 290 2538 testor,
323 2491 369 2527 ut
407 2485 527 2530 omni
560 2496 663 2531 cura
685 2488 903 2542 caveatis,
934 2499 988 2533 ne
1008 2501 1032 2534 a
1055 2472 1173 2536 recto
1199 2492 1367 2538 tramite

133 2560 242 2605 mala
274 2562 456 2607 consilia
486 2574 528 2607 et
563 2565 751 2621 exempla
790 2565 885 2610 Vos
923 2574 1130 2611 avertant.
1196 2565 1372 2622 Duplex

747 2646 772 2691 1
908 2670 921 2684 x
1200 2660 1202 2663 ·
1231 2647 1372 2693 onmi-
