1624 3016
318 188 495 238 'ITA
543 190 602 237 D.
657 183 1100 238 RUHNKENHL
1238 189 1335 250 342

84 316 363 373 aepImcntum
398 326 463 360 est
495 326 690 360 veterum
719 316 960 373 linguarum
985 316 1037 360 ad
1061 311 1312 363 discendum

81 394 486 450 intelligendumque
518 394 774 438 difficultas:
810 406 937 448 quam
975 394 1048 437 ubi
1084 405 1311 449 superave-

69 468 142 526 ,πίε
158 498 175 524 ,
207 479 337 514 restat
359 470 536 514 alterum
559 479 601 512 et
623 469 805 512 interius
825 470 1108 524 sepimentum
1126 501 1142 523 ,
1172 479 1330 514 exeram

83 545 272 601 plarium
307 547 424 591 labes
453 556 495 590 ct
523 545 781 600 corruptela.
841 545 1106 600 Linguarum
1134 535 1331 592 diffie-ub*

88 630 155 666 tas
176 621 351 667 exsistit
373 622 426 667 ab
445 634 588 667 earum
610 622 655 665 in
675 622 833 676 vulgus
854 622 1153 677 ignoratione,
1168 633 1319 677 utpote

83 714 136 746 cx
168 715 254 746 usu
276 702 492 747 communi
522 710 810 755 remotarum,
850 713 929 746 nec
960 700 1183 745 hominum
1210 714 1318 746 con-

82 781 208 835 tinuo
255 788 297 823 ct
339 778 591 833 quotidiano
627 790 821 822 sermone
855 778 908 822 ad
940 789 1088 821 nostra
1125 787 1320 832 tempora

86 865 418 913 propagatarum
436 886 453 910 ‚
493 855 570 899 aed
613 855 722 898 solis
765 854 982 900 literarum
1026 854 1322 899 monumenti·

87 946 362 980 servatarum.
421 933 568 989 Huius
605 933 896 989 impedimenti
918 933 1048 990 igitur
1066 931 1319 987 expediendi

81 1015 172 1061 du‘o
213 1022 316 1057 sunt
361 1011 656 1057 instrumenta.
735 1011 929 1055 Alterum
970 1010 1148 1056 scientia
1188 1009 1313 1055 Arria

86 1088 403 1136 Grammaticae
423 1119 440 1143 ,
490 1089 742 1133 confirmata
789 1088 1001 1133 continuo
1046 1088 1322 1143 legendorum

87 1166 357 1223 Scriptorum
379 1177 489 1220 uou3
524 1176 571 1209 ut
605 1165 781 1220 cognita
802 1177 902 1210 cum
926 1165 1197 1222 cingulorum
1226 1178 1323 1214 ver·

87 1244 241 1288 borum
265 1242 604 1299 significatione,
636 1252 728 1286 tum
757 1254 904 1287 eorum
926 1242 1247 1300 compositione
1277 1252 1323 1289 et

88 1324 445 1377 constructione,
477 1323 565 1368 loci
600 1323 813 1378 cujusque
836 1324 1085 1369 sententiam
1123 1336 1328 1380 assequa-

87 1414 204 1448 mur.
270 1402 466 1446 Alterum
488 1431 506 1455 ‚
548 1401 783 1458 Analogiae
818 1402 994 1447 nomine
1036 1398 1327 1458 celebratum,

5 1486 9 1490 ‘
87 1488 282 1526 versatur
305 1478 350 1522 in
372 1478 643 1534 singulorum
669 1478 910 1534 originibus
944 1478 1169 1524 verborum
1203 1479 1326 1525 inda-

15 1622 18 1626 .
91 1554 272 1612 gaudis,
303 1555 414 1598 unde
444 1564 543 1597 cum
578 1553 711 1608 prima
732 1563 776 1598 et
802 1554 979 1610 propria
1000 1554 1197 1608 notatio,
1228 1564 1322 1599 tum

90 1632 221 1678 ducta
253 1632 351 1675 inde
385 1641 427 1675 et
458 1632 606 1676 tralata
627 1631 695 1675 vis
715 1632 929 1688 cuiusque
946 1641 992 1675 et
1017 1639 1207 1688 potestas
1228 1644 1327 1689 per..

90 1706 324 1763 spiciatur-z
357 1709 409 1752 de
446 1719 536 1762 quo
565 1708 764 1763 quamvis
789 1708 974 1752 maximo
997 1710 1050 1752 ad
1077 1708 1320 1755 interiorem

1 1835 11 1849 ,
87 1784 274 1831 Graecae
284 1784 547 1840 Latinaeque
561 1785 731 1840 linguae
750 1784 971 1829 scientiam
996 1784 1195 1830 subsidio
1217 1800 1323 1843 pau.

55 1895 58 1897 .
89 1862 131 1924 ci
151 1860 290 1904 adhuc
313 1860 635 1916 cogitaverant,
666 1872 744 1905 uec
778 1860 866 1905 fere
886 1860 971 1906 nisi
994 1862 1205 1908 triumviri
1229 1865 1323 1918 iili.

93 1937 308 1993 Scaliger,
332 1938 621 1983 casaubonus
634 1968 651 1992 ‚
674 1938 909 1983 Salmasiua
922 1970 940 1994 ,
959 1939 1181 1993 pauciores
1198 1941 1326 1987 etiam

89 2011 359 2068 scripserunt
394 2015 673 2069 probabiliter
693 2016 896 2070 quidem,
930 2016 1015 2060 nisi
1039 2015 1150 2061 forte
1178 2018 1322 2064 brevia

95 2093 298 2147 quaedam
325 2101 365 2135 et
398 2091 600 2137 inchoata
622 2093 831 2148 Aegidius
864 2092 1089 2149 Menagius
1119 2097 1144 2151 (
1164 2098 1255 2152 ις)
1283 2107 1332 2142 ct

0 2162 4 2165 ’
93 2166 356 2214 Lambertus
389 2167 548 2214 Rosius
580 2170 671 2227 (16
684 2181 727 2230 ).
790 2171 1037 2227 Utrumque
1071 2170 1331 2221 instrumen-

1237 2263 1332 2300 tum

146 2346 267 2404 (ις)
302 2351 346 2390 In
379 2350 605 2395 Amoenitat.
638 2351 736 2406 Juris
771 2349 936 2396 Civilis.
925 2365 936 2379 ·
986 2357 1198 2407 praesertim
1237 2347 1336 2409 Cap.

97 2418 290 2466 XXXIX,
316 2422 377 2460 De
404 2419 659 2472 Etymologiis
685 2418 1059 2476 Jurisconsultorum.

149 2487 269 2540 (16)
296 2492 563 2532 Dissertatione
583 2493 883 2542 Erymologica‚
908 2494 1032 2534 addita
1064 2495 1144 2546 eiua
1179 2495 1341 2540 Exerci-

101 2559 303 2602 rationibus
327 2562 1044 2616 Philologicia‚Franequerae,1713.

725 2631 778 2676 Μ
793 2646 835 2678 m
