1624 3016
265 175 622 228 PLUTARCHI
649 171 1008 223 MORALIUM.
1040 170 1148 219 Vol.
1168 169 1206 218 1.
1265 183 1352 231 293

119 306 232 354 niter
262 305 429 351 correxi
461 312 504 348 et
535 300 788 356 immutavi,
829 298 1036 352 retentis,
1076 294 1220 352 quoad
1248 294 1344 351 ejus

118 384 211 429 fieri
232 393 397 440 poterat
416 381 614 438 plurimis
639 380 810 433 verbis,
840 390 975 436 neque
1001 375 1214 433 reliquiae
1243 378 1344 417 sunt

119 470 347 527 corporum
369 466 465 516 post
502 463 707 508 mortem,
751 465 862 512 quae
897 452 1119 495 cruciatus
1151 445 1373 503 inflatio-¹

122 550 215 580 nem
238 537 364 581 solidi
383 547 538 595 capere
550 535 729 592 possint.

180 618 300 675 Ergo
324 630 422 663 cum
444 615 530 660 illis
546 616 632 671 jam
655 610 901 655 memoratis
923 609 975 654 de
1000 605 1169 652 caussis
1202 591 1351 650 neces·

123 694 272 738 sariam
317 705 410 737 esse
449 689 639 747 priorum
685 686 966 745 Editionum·
986 681 1352 739 comparationem

122 768 447 824 intelligebam,
494 774 586 810 tum
641 764 759 819 quod
800 762 972 806 minime
1014 771 1350 804 consentaneum

121 854 208 891 erat
241 843 425 896 rationi,
460 840 704 898 profligatis
742 848 811 883 tot
844 837 1095 892 laboribus,
1126 837 1243 880 hunc
1278 847 1354 880 ne·

121 919 279 976 gligere
314 918 359 963 in
386 930 474 973 quo
495 916 772 972 praecipuum
802 914 977 959 editoris
1012 926 1172 957 munus
1206 925 1351 957 cerne·

117 1005 266 1049 retur,
297 995 371 1051 qui
393 994 549 1038 valeret
569 993 622 1036 ad
644 990 935 1047 cognitionem
962 988 1142 1045 originis
1177 997 1217 1032 et
1243 998 1347 1041 pro·

120 1086 294 1131 gressus
337 1063 493 1128 atque,
534 1080 584 1115 ut
620 1069 682 1115 ita
721 1067 891 1123 dicam,
934 1067 990 1112 ad
1032 1064 1352 1123 genealogiam,

116 1151 318 1206 vulgatae
361 1148 562 1193 lectlonis
585 1178 601 1200 ,
654 1156 702 1190 ut
735 1153 982 1203 appareret,
1027 1143 1249 1200 quomodo
1297 1141 1352 1185 ab

115 1225 278 1271 Aldiuo
307 1223 432 1270 fonte
463 1224 596 1268 ducta
629 1222 844 1279 scriptura
883 1234 961 1278 per
992 1230 1220 1277 sequentes
1246 1219 1354 1264 Edi.

112 1307 282 1359 tiones,
319 1304 391 1349 vel
440 1302 660 1347 immutata
702 1302 770 1345 vel
815 1309 979 1344 servata
1006 1330 1023 1354 ,
1062 1298 1115 1343 ad
1156 1308 1350 1342 nostram

116 1392 289 1429 aetatem
313 1388 544 1438 propagata
573 1378 745 1423 fuisset.
792 1377 948 1433 Neque
970 1389 1072 1422 vero
1096 1376 1343 1431 acquiesce-

117 1474 163 1509 re
180 1470 370 1517 poteram
407 1458 453 1502 in
485 1469 536 1501 eo
557 1455 780 1500 Variarum
810 1454 1070 1500 Lectionum
1100 1453 1243 1499 lndice
1268 1450 1347 1508 qui

113 1540 167 1583 ad
185 1538 341 1582 calcem
372 1532 833 1579 Graeco-Latinarum
861 1530 1115 1575 Editionum
1149 1529 1344 1587 adjectus

111 1623 202 1669 est;
235 1613 394 1669 quippe
415 1622 543 1666 quem
567 1610 690 1655 valde
707 1610 968 1667 negligenter
998 1607 1246 1653 confectum
1269 1619 1338 1651 es-

113 1707 160 1740 se
173 1692 326 1739 scirem
346 1722 362 1746 ,
391 1691 587 1736 locorum
620 1689 905 1746 plurimorum
939 1700 1039 1733 cum
1080 1686 1341 1739 omissione,

111 1781 204 1815 tum
254 1769 454 1815 mendosa
507 1768 816 1823 descriptione.
897 1766 1050 1822 Neque
1102 1777 1335 1812 contentus

109 1859 220 1902 eram
258 1845 422 1902 priores
460 1845 688 1891 Editiones
717 1845 770 1888 ad
807 1855 976 1888 manum
1017 1842 1169 1886 habere
1197 1853 1239 1886 et
1274 1842 1340 1885 in·

113 1923 275 1980 spicere
296 1922 351 1968 nd
372 1934 586 1978 quemque
606 1933 732 1977 quem
757 1929 976 1978 tractarem
997 1920 1168 1972 locum3
1193 1918 1339 1972 quod,

109 2011 160 2046 ut
191 2011 340 2054 antea,
382 1999 444 2044 ita
478 2009 632 2055 postea
669 2011 835 2055 semper
867 1997 968 2043 feci.
1036 1996 1179 2052 Ipsam
1209 1996 1344 2050 igitur

106 2077 159 2123 ab
183 2077 309 2123 initio
339 2076 392 2120 ad
421 2075 551 2120 linem
585 2074 787 2134 Aldinam
826 2085 923 2117 cum
963 2083 1343 2117 srerumun·

108 2168 185 2200 NA
217 2154 385 2200 contuli
418 2164 461 2198 et
488 2137 762 2208 comparatu,
791 2150 981 2196 adhibita
1002 2150 1102 2207 item
1128 2150 1342 2194 Basileen-

107 2233 146 2276 si
190 2243 399 2285 utraque,
441 2243 495 2275 ex
535 2229 677 2284 iisque
713 2239 880 2272 omnem
914 2227 1114 2271 lectionis
1163 2224 1345 2270 varieta-

109 2319 192 2354 tem
230 2307 418 2357 enotavi.
492 2308 595 2352 Fuit
634 2307 704 2350 hic
748 2306 897 2360 labor,
939 2306 1195 2350 subsecivus
1243 2305 1343 2360 qui·

104 2388 228 2441 dem,
261 2386 339 2430 sed
373 2396 511 2432 tamen
544 2385 666 2429 labor
701 2386 888 2430 duorum
923 2383 1010 2428 fere
1042 2396 1270 2429 annorum.

161 2464 253 2514 Nil.
273 2463 408 2510 dicam
433 2464 484 2508 de
516 2463 714 2509 molestia
747 2463 873 2508 istius
906 2463 1095 2520 negotii,
1125 2462 1335 2508 librorum

105 2541 430 2598 scriptorum&
453 2542 665 2589 editorum
700 2542 1084 2598 excerpendorum,
1116 2551 1334 2597 excerpta-

746 2620 787 2664 T
814 2633 845 2676 3
1104 2652 1118 2663 .
1240 2631 1336 2664 rum
