1624 3016
243 196 600 250 emmacm
626 197 985 250 Moenum.
1016 201 1125 253 νου
1149 205 1192 254 1.
1255 201 1349 267 ,ες

105 325 220 374 nu'to
242 333 450 384 typorum
487 328 618 372 modo
649 338 859 383 excusae,
890 338 942 390 et,
955 340 1033 376 sex
1061 339 1192 387 supra
1211 331 1346 386 quim»

112 408 315 466 quaginta
338 407 515 463 paginas
538 406 702 451 formae
724 409 926 452 maximae
955 409 1144 463 explent.
1203 409 1345 455 muriz

111 497 205 529 mae
234 485 286 528 ad
322 482 652 527 emendationem
679 484 985 548 corruptorum
1013 485 1209 529 locorum
1234 485 1347 530 refe·

111 575 296 620 runtur,
329 563 549 620 pauciores
584 562 638 607 ad
671 560 1002 606 illustrationem
1036 561 1343 610 obscurorumo'

109 643 405 696 Utrarumque
432 639 603 684 bonitas
638 649 687 681 ac
721 636 977 692 praestantia
1006 636 1261 693 intelligitur
1292 647 1347 686 ex

107 722 261 778 ipsius
280 719 482 763 facultate
513 725 865 768 xvnanoiu,
897 714 977 769 qui
1017 714 1062 759 in
1089 715 1207 759 omni
1242 717 1345 760 Plu·

109 800 379 844 tarcheorum
403 796 610 840 librorum
641 804 895 850 argumento
925 795 1094 851 egregie
1113 805 1343 852 versatus,

110 874 398 920 doctrinarum
422 870 536 914 haud
560 871 776 926 vulgarem
805 868 1024 915 scientiam
1062 879 1204 915 mente
1224 883 1349 916 com.

111 953 300 1008 plexus,
329 946 498 992 valebat
520 945 737 1001 exquisita
759 943 949 990 Graecae
980 943 1176 1001 Linguae
1207 947 1348 992 scien·-

107 1029 171 1074 tia
199 1040 240 1074 et
274 1041 358 1071 usu
396 1025 633 1072 Plutarchi.
693 1025 776 1069 Sed
797 1024 1114 1070 emendationes
1140 1024 1347 1080 plurimas

108 1108 157 1152 in
195 1107 407 1152 Versione
447 1115 702 1160 expressas,
749 1104 795 1149 in
842 1104 1214 1149 Annotationibus
1255 1110 1347 1149 nou

113 1182 501 1237 commemoravit;
530 1182 648 1236 quod
671 1192 712 1225 et
734 1194 813 1237 per
835 1182 976 1238 operis
998 1181 1346 1238 festinationem,

107 1271 152 1309 et
179 1275 255 1317 per
279 1259 500 1315 quamdam
528 1257 659 1302 animi
684 1259 933 1302 modestiam
951 1290 968 1313 ,
1002 1260 1142 1304 nollet
1170 1258 1345 1315 singula

107 1351 302 1397 quaeque
336 1338 444 1382 bene
481 1334 626 1390 facta,
661 1334 879 1391 sigillatim
919 1335 1044 1379 etiam
1070 1345 1274 1381 annotare
1301 1343 1346 1380 et

111 1415 235 1472 quasi
261 1424 491 1459 ostentare.
552 1411 656 1472 Quo
681 1412 825 1457 minus
854 1412 1084 1468 quisquam
1106 1413 1349 1467 dubitabit,

107 1494 322 1549 insignem
358 1492 502 1536 inesse
532 1491 576 1535 in
622 1502 946 1536 xvnannnr
988 1491 1068 1536 hac
1103 1504 1231 1548 opera
1270 1486 1349 1536 cb·

107 1570 223 1627 piam
247 1577 290 1613 et
308 1577 559 1624 apparatum
580 1569 633 1612 ad
656 1568 875 1613 Plutarchi
897 1581 1068 1615 manum
1089 1582 1138 1614 ac
1160 1569 1350 1627 scriptu·

105 1660 194 1694 ram
227 1647 547 1691 restituendam.

112 1747 115 1749 >
166 1726 297 1771 Vitas
327 1724 461 1768 edidit
485 1736 598 1769 anno
622 1725 761 1779 15603
796 1723 1028 1778 Metalla,
1059 1736 1174 1768 anno
1202 1721 1347 1778 1570,

106 1803 163 1846 etl
177 1802 329 1845 iterum
358 1812 485 1856 1572.
542 1800 662 1856 Ergo
693 1810 862 1857 poterat
892 1814 1128 1847 auvert
1171 1802 1355 1846 versio·

107 1887 164 1922 ne
202 1876 296 1931 uti,
328 1888 455 1931 quam
496 1875 541 1921 in
578 1877 839 1932 praefatione
874 1879 1082 1929 Virorum
1121 1886 1346 1923 memorat.

108 1954 282 1999 Poterat
311 1954 375 1997 uti
408 1955 694 2009 Stephaniana
716 1954 929 2009 editione,
961 1968 1070 2010 quae
1098 1969 1212 2000 anno
1238 1967 1349 2012 ¹57⁸

111 2030 277 2087 prodiit
309 2039 351 2073 et
374 2042 506 2074 verno
530 2041 720 2075 mercatu
744 2031 1076 2075 Franeofurtum
1105 2041 1171 2074 est
1192 2033 1347 2086 allata,

98 2108 220 2152 'unde
250 2120 404 2151 xYLA
421 2119 537 2151 una
554 2119 587 2151 n
627 2120 717 2151 eam
748 2117 903 2171 nactus
931 2107 1089 2162 cupide
1117 2109 1353 2163 perlustra-

105 2184 197 2237 vit,
228 2184 410 2239 eiusque
433 2185 558 2227 dotes
581 2196 662 2228 sua
687 2185 781 2240 ipse
808 2186 1137 2240 exspectatione
1163 2185 1351 2230 minema

108 2261 452 2317 deprehendens,
482 2262 671 2318 ejusdem
708 2262 808 2306 anni
845 2274 989 2306 mense
1013 2263 1219 2320 Augusto
1240 2261 1351 2306 Ver*

104 2339 276 2384 aionem
309 2350 429 2381 suam
465 2340 607 2384 denuo
643 2339 804 2394 edidit,
833 2340 988 2385 additis
1022 2350 1128 2386 tune
1159 2340 1348 2398 primun

94 2408 483 2462 *Annotationibus
514 2415 568 2460 iis
595 2418 647 2460 de
680 2417 842 2471 quibus
875 2419 1008 2462 modo
1037 2418 1258 2471 diximus,
1287 2418 1350 2463 ita

94 2493 281 2549 -quidem
307 2502 358 2536 ut
379 2505 401 2535 e
422 2492 705 2548 Stephaniana
730 2493 791 2537 nil
812 2502 1072 2540 assumente
1104 2494 1226 2549 quod
1252 2494 1350 2548 ipse

96 2580 151 2618 tt
180 2570 386 2625 affirmat,
427 2580 471 2616 et
504 2582 602 2617 vere
639 2571 871 2618 affirmasse
905 2573 1088 2618 videtur.
1155 2572 1347 2627 Neque,

1291 2648 1347 2692 ab
