1624 3016
0 0 5 83 ι

0 85 3 156 ’

413 139 651 188 PfflLos.
682 137 824 184 CUM
850 134 1154 184 LITTERIS.
1318 151 1399 195 ¹03

159 278 287 325 quem
324 277 457 322 posse
505 264 763 309 crederetur.
830 261 930 307 Hoc
974 261 1136 307 lumine
1167 259 1396 317 homines,

155 355 371 400 tamquam
393 355 447 387 ex
476 355 630 386 somno
662 339 864 394 excitati,
896 338 1258 395 circumspicere,
1289 337 1398 394 quid

152 432 198 469 et
222 423 295 467 ubi
317 430 460 466 essent
482 431 774 477 cognoscere,
801 431 881 470 sc,
911 417 1050 462 veluti
1074 428 1150 461 eos
1172 415 1292 471 longi
1321 427 1398 462 eo·

154 500 276 558 poris
298 498 551 555 poeniteret,
587 496 792 540 omnibus
816 493 984 538 viribus
1012 491 1152 544 eniti,
1182 501 1232 534 ut
1260 487 1398 545 quan·

153 586 247 620 tum
279 574 424 632 priora
467 573 611 617 secula
655 569 919 626 ignorantiae
964 567 1152 612 tenebris
1199 567 1399 611 immersa

150 653 415 711 jacuissent,
438 658 606 694 tantum
630 646 715 703 ipsi
737 646 791 689 ad
813 644 1081 709 cognitionis
1102 644 1241 688 lucem
1265 644 1399 687 emer·

157 739 318 790 gerent·
377 726 491 772 Tum
517 737 620 771 vero
646 733 797 768 contra
822 722 1026 778 antiquae
1046 719 1298 765 Pontificine
1319 732 1395 765 su-

154 803 429 864 perstitionis
467 801 771 859 tyrannidem,
812 810 924 855 quse
955 796 1182 842 hominum
1224 796 1398 851 ingenis

152 881 406 928 foedissima
435 879 644 925 servitute
675 875 914 922 constricta
936 874 1132 927 tenebat,
1159 885 1399 927 eorumque

153 959 324 1003 animos
353 957 489 1001 veluti
514 966 700 1011 superne
723 966 746 996 ι
771 951 884 997 coeli
908 949 1158 1007 regionibus
1179 950 1271 994 dira
1298 944 1398 992 h‘or-

153 1035 370 1089 rendaque
405 1032 517 1078 facie
536 1030 747 1075 terrebatz
780 1038 932 1074 contra
958 1026 1069 1071 hanc
1089 1026 1224 1082 igitur
1238 1026 1398 1070 oculos

153 1112 380 1166 sttollere,
407 1113 501 1169 ejus
537 1108 737 1154 fulminis
775 1120 994 1152 murmure
1023 1107 1187 1162 ridere,
1229 1106 1401 1151 fabula-

153 1198 340 1242 rumque
370 1186 655 1242 nugacitstcm
681 1186 909 1241 explodere
932 1185 1029 1231 susi
1056 1194 1181 1230 sunt.
1245 1187 1399 1239 inque

153 1265 424 1321 Scholastica
445 1263 690 1317 barbaries,
722 1275 809 1317 qua
846 1262 986 1307 veluti
1019 1261 1289 1307 munimento
1313 1261 1398 1304 ista

153 1342 409 1401 superstitio
431 1349 550 1397 septa
576 1351 661 1384 erat
676 1371 693 1394 ,
724 1341 872 1385 eodem
896 1352 1002 1388 casu
1025 1337 1274 1383 tremefacts
1290 1349 1400 1383 con-

149 1431 365 1473 cussaque
394 1427 484 1462 est.
542 1417 655 1462 Nam
685 1417 980 1470 scholastici,
1010 1417 1087 1471 qui
1106 1417 1193 1472 iem
1215 1414 1301 1459 sibi
1322 1426 1400 1457 so·

151 1496 207 1541 lis
231 1494 540 1550 Philosophiae
563 1492 829 1537 vindicarent
851 1505 1034 1546 nomen,
1051 1492 1183 1547 idque
1202 1488 1400 1534 somnio-

151 1586 247 1619 rum
273 1574 479 1619 inanitate
503 1582 545 1617 et
571 1572 800 1615 verborum
841 1570 1044 1614 sordibus
1073 1566 1230 1612 infame
1254 1566 1397 1611 reddi·

154 1651 329 1706 derant,
357 1650 513 1707 dejecti
549 1649 715 1693 tandem
760 1659 863 1693 sunt
894 1647 948 1691 sb
985 1644 1271 1702 injustissima
1294 1657 1400 1699 pos-

153 1730 374 1783 sessione,
413 1737 456 1772 et
493 1726 654 1771 factum
691 1736 787 1779 est,
832 1734 883 1769 ut
928 1722 1214 1778 Philosophia
1267 1732 1398 1766 suum

154 1813 312 1854 nomen
344 1796 582 1861 reciperet,
611 1816 754 1859 neque
788 1804 978 1858 amplius
999 1799 1250 1856 disputandi
1277 1798 1401 1843 falls-

154 1882 314 1927 ciarum
328 1910 346 1934 ,
367 1880 444 1925 sed
464 1880 571 1925 bene
586 1879 807 1935 cogitandi
831 1893 879 1923 ac
901 1879 1074 1923 vivendi
1102 1877 1302 1932 magistra
1325 1877 1403 1921 ha-

153 1958 340 2003 beretur.
409 1956 564 2002 Ern‘b
606 1968 659 1999 eo
703 1956 801 2001 inde
843 1965 1039 2012 tempore
1071 1955 1155 1999 hoc
1187 1962 1396 1998 constans

154 2033 483 2089 certissimaque
510 2033 765 2088 experientis
798 2031 1133 2087 comprobavit,
1175 2030 1395 2085 primum,

155 2125 248 2168 quo
280 2112 458 2167 quaevis
494 2122 600 2167 gens
639 2110 741 2165 plus
776 2108 931 2154 tribuit
963 2107 1120 2152 studiis
1157 2105 1404 2150 humanita-

155 2187 244 2242 tis,
284 2198 337 2231 eo
372 2186 507 2242 magis
541 2186 586 2230 in
619 2198 666 2230 ea
691 2198 813 2230 verae
850 2184 1159 2240 Philosophiae
1195 2183 1398 2228 floriusse

157 2267 386 2311 rationem:
415 2265 567 2309 deinde
596 2275 746 2308 omnes
773 2276 849 2308 eos
877 2263 1026 2317 viros,
1059 2262 1135 2316 qui
1159 2262 1212 2305 ad
1242 2272 1401 2317 augen-

157 2342 252 2387 dsm
278 2342 670 2396 emendandamque
692 2340 1017 2396 Philosophiam
1046 2338 1211 2395 aliquid
1243 2351 1402 2394 operae

159 2420 437 2475 adtulerunt,
479 2427 524 2464 et
558 2432 671 2476 quos
712 2419 962 2465 Eclecticos
1000 2430 1207 2463 vocemus
1222 2449 1250 2488 ,⁶
1279 2415 1402 2472 quod

809 2494 853 2540 G
883 2511 912 2552 4
1306 2495 1406 2539 nui-
