1624 3016
267 169 348 215 DE
375 166 722 220 PUERORUM
750 166 1167 219 EDUCATIONE.
1234 172 1324 234 471

94 294 233 352 jectus
256 300 321 335 est
341 304 496 336 nomen
515 292 731 336 Plutarchi
749 292 1008 348 adscriptum
1029 293 1319 350 habentibus,

95 356 152 416 ΟῘ
181 369 221 413 ἐν
240 369 353 425 εὐδίᾳ
381 371 569 421 πλέοντες
591 394 674 423 -,
705 369 781 424 qui
807 367 952 412 referri
972 368 1142 412 videtur
1162 371 1214 415 ad
1237 370 1320 415 hu·

87 444 161 501 jus
182 443 316 487 libelli
343 444 455 499 Cap.
483 444 558 492 xl.
589 458 634 500 p.
659 444 702 490 8.
731 444 799 489 Ct
830 444 938 487 alter
969 444 1063 487 sine
1098 444 1322 493 Plutarchi

89 519 261 564 nomine
283 533 331 575 p.
355 533 455 577 933.
485 523 557 567 Τὸ
576 522 652 576 μὲν
669 521 751 576 γὰρ
768 521 948 574 σώματι
971 525 1055 570 τοῖς
1079 526 1323 576 συμμέτροις
1359 534 1363 536 ’

88 596 221 646 πόνοις
240 618 299 630 -
323 609 447 652 quem
475 595 573 651 quis
596 594 709 642 forte
738 604 926 639 sumtum
952 603 1074 649 putet
1095 607 1146 638 ex
1172 598 1333 643 eodem*

87 671 236 716 libello
268 670 339 716 De
371 672 642 717 Educ-attone
671 671 787 727 Cap.
815 669 932 716 XIII.
974 682 1020 724 p.
1057 682 1102 725 9.
1141 670 1201 714 Bt
1244 673 1324 717 hae

86 746 220 803 igitur
241 747 469 804 sententiae
487 755 565 792 nec
590 746 731 791 verbis
769 758 846 791 nec
877 746 1005 790 rebus
1035 746 1094 792 ita
1116 758 1216 792 cum
1238 747 1322 792 hu·

80 824 156 884 Jus
183 824 314 869 libelli
347 823 456 867 locis
489 832 765 879 congruunt,
797 832 845 867 ut
878 822 979 868 binc
1011 823 1160 878 potius
1187 836 1319 879 quam

89 899 260 944 aliunde
282 912 350 944 eas
374 899 528 955 petitas
552 898 859 945 affirmaverim.
917 898 1037 956 Ergo
1061 898 1191 943 fuerit
1211 912 1314 945 sane

86 973 160 1019 illa
195 985 327 1021 aetate
355 975 425 1019 hic
459 975 656 1021 libellus:
687 988 743 1021 au
772 974 855 1020 sub
889 976 1064 1022 nomine
1095 976 1316 1022 Plutarchi

84 1051 172 1112 jam
217 1050 376 1110 fuerit,
421 1061 605 1095 statuere
650 1064 740 1096 non
777 1063 1031 1107 possumus.
1090 1051 1320 1108 'Equidem

87 1140 183 1172 eum
209 1127 438 1172 Plutarcho
472 1139 561 1174 non
587 1127 721 1171 ausim
747 1128 886 1171 multo
907 1129 1180 1174 recentiorem
1205 1128 1320 1174 face·

86 1216 158 1259 re;
192 1211 343 1258 utpote
369 1202 665 1247 abhorrentem
701 1203 753 1246 ab
780 1202 900 1246 illius
922 1206 1057 1259 magis
1078 1204 1317 1262 proprieta-

84 1288 159 1334 te,
189 1291 314 1334 quam
346 1280 495 1325 aetate0'

139 1356 191 1400 In
223 1354 429 1411 catalogo
449 1352 717 1412 Lamnae,
750 1353 828 1410 qui
855 1355 1041 1411 dicitur,
1062 1358 1208 1403 nullus
1229 1370 1320 1403 me-

89 1440 282 1479 moratur
311 1430 390 1473 hac
412 1429 696 1486 inscriptione
714 1429 852 1485 liber,
882 1432 958 1476 ubi
981 1445 1032 1477 ex
1066 1433 1191 1478 libris
1212 1434 1316 1479 Mo-

83 1505 278 1559 talibus,
305 1505 381 1559 qui
412 1517 527 1550 nunc
559 1515 690 1560 sunt,
722 1509 979 1564 octogenis,
1015 1509 1068 1553 ad
1099 1512 1317 1566 sexaginta

10 1591 13 1594 ⁴
85 1591 129 1627 et
150 1590 336 1637 quatuor
363 1589 662 1628 memorantur.
722 1580 805 1626 Sed
838 1595 977 1639 neque
1000 1584 1102 1629 hinc
1123 1586 1168 1631 in
1191 1587 1316 1630 alter-

88 1668 228 1706 utram
263 1663 424 1713 partem
455 1666 749 1712 argumentum
783 1658 941 1713 ducas;
982 1661 1194 1716 siquidem
1227 1663 1316 1707 Ca·

83 1737 255 1791 talogna
280 1731 352 1775 ille
373 1740 584 1787 postrema
609 1742 727 1788 parte
755 1741 979 1779 truncatus
1001 1735 1054 1780 ad
1075 1749 1157 1781 nos
1177 1738 1312 1785 venit.

141 1810 248 1856 Non
270 1817 526 1854 memoratur
541 1809 658 1864 apud
685 1808 913 1854 stobaeum
928 1841 945 1865 ,
974 1811 1051 1856 ubi
1074 1811 1318 1868 frequentes

85 1897 191 1934 sunt
214 1899 267 1931 ex
298 1885 397 1930 aliis
416 1884 678 1931 Plutarcheis
702 1894 744 1929 et
773 1886 955 1943 perditis
988 1897 1033 1933 ct
1060 1888 1239 1946 reliquis
1263 1890 1317 1933 li·

89 1963 181 2008 bris
207 1961 310 2007 loci.
368 1959 586 2016 Integrum
619 1960 792 2006 Stobaei
814 1974 928 2018 opus
952 1964 1182 2009 constabat
1209 1978 1317 2019 qua.

83 2049 187 2084 tuor
203 2037 374 2082 Librist
405 2035 531 2080 Libri
546 2036 606 2081 11.
633 2037 777 2092 Caput
800 2050 869 2094 32.
897 2048 982 2082 erat
1007 2042 1101 2094 nep)
1126 2042 1320 2093 castel-e

86 2117 156 2165 μὶ
182 2118 383 2169 ἅγηγῆς,
413 2122 463 2155 ut
483 2113 687 2156 novimus
710 2125 760 2157 ex
778 2113 934 2158 Photio
962 2115 1170 2161 Biblioth.
1194 2117 1309 2166 Cod.

84 2189 308 2236 chvn.
338 2188 416 2233 ubi
444 2188 528 2233 hoc
564 2200 677 2243 opus
709 2199 964 2236 recensetur.
1035 2190 1167 2237 Nunc
1203 2193 1313 2239 illud

86 2270 262 2324 Caput,
302 2279 402 2310 cum
430 2263 525 2309 aliis
559 2263 731 2318 multis,
772 2265 818 2320 in
847 2266 1018 2310 stobaei
1051 2267 1312 2314 editionibus

85 2345 374 2391 desideraturt
404 2350 447 2386 at
477 2350 687 2384 servatum
713 2351 780 2389 est
813 2344 883 2387 vel
910 2353 1047 2386 totum
1077 2345 1144 2388 vel
1178 2346 1313 2390 maxi-

90 2432 201 2466 mam
231 2429 391 2474 partem
411 2418 456 2461 in
478 2417 726 2472 Appendice
746 2417 779 2460 F
782 2418 935 2463 lorent.
966 2418 1066 2467 Ms,
1085 2419 1309 2468 Parallelo-

94 2508 191 2547 tum
216 2494 443 2545 Sacrorum
457 2493 664 2556 Johannis
690 2493 969 2552 Damasceni3
996 2494 1072 2543 ubi
1095 2497 1221 2543 multi
1238 2509 1310 2544 ex·

694 2569 781 2628 GE
819 2584 850 2631 4
1190 2581 1309 2626 stant
