1624 3016
296 181 582 243 ωτι-ιο.
624 181 1087 235 naumann.
1228 196 1313 254 ⁷³²⁷

79 311 206 367 dere,
234 322 412 368 posset,
436 324 529 368 -qua
550 310 890 356 obscurissimos
919 308 1142 353 etnemini
1165 306 1321 365 cogni*

87 400 158 439 tos
172 389 463 444 Antiquitatis
484 400 681 432 recessus
706 385 959 443 patefaceret
978 396 1108 441 atque
1126 383 1323 433 illustra,

83 477 167 513 ret.
226 466 320 510 Nec
357 466 498 510 minus
532 474 618 508 erat
656 471 849 507 versatus
872 462 917 506 in
941 462 1177 506 recentiore
1199 460 1320 507 Lite—

83 555 224 589 rarum
262 543 453 587 Historia
473 555 491 596 ς
538 550 586 584 ut
634 539 828 585 homiues
871 538 1051 592 Graece,
1079 537 1320 592 Latineque

88 622 270 675 doctos,
295 620 485 664 Criticoa
502 650 517 672 ,
542 618 852 672 Antiquarios‚
866 616 1211 670 Grammaticos,
1233 617 1322 660 edi-

91 706 208 742 tores
242 708 285 742 et
314 698 564 751 interpretes
604 694 881 748 antiquorum
916 694 1218 749 Scriptorum,
1247 707 1321 738 eo·

20 814 35 828 ,
90 785 276 828 rumque
305 771 516 817 editiones
550 779 593 814 et
622 769 984 824 commentarios,
1022 770 1067 814 in
1100 780 1322 818 numerato

88 850 291 895 haberetz
322 859 398 893 nec
425 847 540 892 ullus
563 845 647 890 fuit
670 845 815 890 bonus
851 845 959 889 liber
980 855 1066 889 tam
1093 857 1242 899 rarus,
1272 854 1324 891 ut

91 927 187 984 ejus
226 920 380 971 notitia
413 924 557 981 ipsum
605 922 788 978 fugeret.
859 910 996 979 Quod
1034 921 1072 967 ai
1105 921 1232 968 etiam
1265 934 1331 965 re·

91 1014 325 1058 putemus,
366 1013 461 1046 cum
485 1029 502 1055 ,
543 999 588 1044 in
635 999 720 1044 hoc
774 1007 1029 1058 argumento
1070 999 1325 1054 tractando,

93 1090 138 1125 et
173 1080 351 1126 rationis
379 1089 420 1123 et
451 1078 655 1123 orationis
679 1076 884 1133 elegantia
910 1075 1105 1132 proxime
1128 1076 1180 1120 ad
1203 1075 1330 1119 Vete-

96 1170 191 1202 rum
215 1155 510 1214 praestantiam
535 1151 795 1205 accessisse,
828 1152 973 1196 minus
1004 1151 1130 1195 etiam
1161 1151 1334 1196 dubita·

98 1237 243 1281 bimus
268 1235 553 1292 principatum
585 1234 624 1279 ei
655 1234 737 1277 hoc
769 1234 814 1278 in
846 1245 998 1291 genere
1013 1232 1190 1279 deferre.
1250 1228 1335 1277 Sed

98 1312 206 1357 bene
244 1312 458 1357 scribendi
492 1310 677 1355 facultas
714 1309 799 1354 fuit
830 1309 876 1353 in
906 1305 1167 1357 Ruhnkenio
1187 1308 1338 1365 singu-

92 1389 204 1434 laria
234 1389 450 1444 quaedam,
475 1387 694 1456 doctrinae
727 1388 853 1436 laun
881 1387 934 1431 de
967 1398 1051 1444 qua
1081 1387 1171 1444 iam
1194 1387 1340 1436 dicen·

40 1461 46 1466 ’
101 1467 204 1512 dum
234 1477 318 1512 est.
1324 1512 1328 1517 ,

160 1543 395 1589 Doctrinae
428 1535 611 1589 studiosi
643 1534 844 1589 homines
877 1552 983 1590 sunt
1015 1534 1136 1591 cives
1160 1544 1340 1590 duarum

97 1621 356 1683 civitatum:
403 1622 658 1678 popularis,
702 1621 748 1668 in
784 1635 868 1678 qua
902 1623 1088 1679 quisque
1132 1623 1269 1669 vivite
1297 1633 1340 1668 et

103 1698 320 1753 litei-atae,
351 1698 569 1755 dispersae
594 1711 643 1742 ac
672 1699 853 1744 diffusae
877 1712 955 1758 per
978 1713 1126 1747 omues
1155 1699 1341 1756 popula-

107 1788 175 1820 res
195 1775 422 1832 civitates,
455 1789 564 1833 quae
585 1786 651 1822 tot
676 1788 779 1823 sunt
795 1807 812 1833 ,
845 1788 956 1834 quot
980 1788 1082 1824 sunt
1102 1780 1259 1836 populi
1281 1780 1348 1824 di·

108 1865 231 1898 versa
266 1853 322 1897 ab
343 1852 441 1899 aliis
482 1853 655 1909 sibique
688 1853 863 1910 propria
898 1855 1094 1900 oratione
1125 1865 1170 1901 et
1201 1856 1349 1913 lingua

111 1941 303 1976 utentes.
359 1931 574 1977 Literatae
593 1931 781 1976 civitatis
805 1943 889 1977 una
909 1942 977 1976 est
995 1933 1241 1979 communis
1266 1934 1349 1978 lin·

112 2024 198 2069 gua
222 2010 394 2055 Latina.
427 2008 550 2055 Hanc
575 2009 765 2067 linguam
796 2009 855 2054 ita
878 2018 1019 2055 tenere
1055 2020 1105 2054 ut
1126 2011 1256 2069 hujus
1288 2011 1354 2056 ci·

114 2087 264 2134 vitatis
296 2088 493 2143 quamvis
532 2087 615 2131 late
651 2086 837 2141 patentis
871 2087 1096 2133 vinculum
1130 2089 1353 2136 continea-

119 2171 220 2216 tur,
250 2174 299 2207 ut
326 2173 368 2207 te
402 2173 550 2212 omnes
582 2162 701 2206 cives
723 2171 765 2206 et
788 2163 1062 2221 intelligant,
1091 2174 1133 2208 et
1159 2177 1259 2212 eum
1281 2167 1356 2214 de·

120 2238 380 2292 lectarium,
418 2237 550 2283 animi
590 2237 776 2295 affectu,
819 2239 1039 2285 doctrinae
1085 2253 1135 2286 ac
1177 2242 1360 2291 virtutis

107 2316 300 2381 fructu,
333 2318 473 2375 legant
504 2327 546 2361 et
582 2317 782 2372 audiant;
814 2330 958 2365 nonne
990 2321 1201 2377 praeclara
1227 2332 1358 2380 quae·

124 2396 220 2440 dam
252 2406 317 2440 est
353 2390 566 2443 facultas?
624 2397 683 2440 Et
703 2395 813 2444 hanc
841 2395 1088 2444 facultatem
1111 2411 1242 2453 quum
1264 2411 1360 2456 per·

128 2471 239 2515 fecte
261 2474 442 2517 tenuerit
457 2472 770 2526 Ruhnkenius,
792 2483 936 2521 nonne
956 2475 1055 2521 haec
1070 2477 1192 2532 ltus,
1206 2489 1358 2536 quam-

128 2547 198 2594 vis
221 2561 492 2606 magnarum,
526 2551 666 2606 ipsius
687 2552 860 2596 laudum
894 2565 1045 2613 magua
1076 2555 1267 2601 accessio
1290 2556 1368 2600 ha·

735 2630 774 2676 A
790 2644 851 2676 aa
1294 2630 1373 2682 be,
