1624 3016
290 121 626 174 ms'romAE
655 122 740 168 AD
769 110 945 171 sTUD.
975 122 1230 174 vmwT.
1293 125 1385 187 199

140 251 227 297 alia
245 249 560 302 Semiramidis,
583 247 663 292 alia
688 248 925 294 Sesostris:
952 251 1174 306 prudentia
1203 261 1271 296 est
1286 251 1370 298 alia

141 327 374 381 Nestoris,
402 326 482 370 alia
506 325 699 371 Ulissisz
730 324 943 370 fortitudo
963 329 1044 371 alia
1071 337 1136 372 est
1160 327 1377 386 Achillis,

140 404 298 462 Aiacis·
329 404 438 448 alias
477 403 635 459 patriae
666 414 786 446 amor
826 402 937 445 alins
972 403 1018 446 in
1052 400 1380 461 Themistocle,

139 484 250 530 alius
270 484 314 527 in
331 482 505 527 Pericle.
530 480 625 525 Nec
649 480 780 535 huius
799 478 1023 523 ⁴varietatis
1043 479 1161 536 justa
1181 482 1379 536 cognitio

137 563 310 610 aliunde
331 553 489 604 hauriri
516 566 661 614 potest
692 568 819 610 quam
845 568 897 600 ex
925 556 1037 599 vitae
1068 557 1379 613 actionumque

137 639 416 696 cognitione,
444 635 490 681 id
514 643 609 687 est,
638 633 691 677 ab
723 632 1002 687 Experimtia
1030 641 1071 675 ct
1101 632 1313 678 Historia.

193 718 362 773 Igitur,
410 715 450 760 si
488 727 536 758 se
571 713 715 768 ipsum
751 723 1014 767 cognoscere
1039 724 1240 768 magnum
1273 712 1383 767 qnid

138 804 205 840 est
235 807 284 839 ac
314 791 449 850 pa'ene
477 791 707 844 divinum,
738 800 788 833 ut
819 789 915 846 jure
938 789 1022 832 hoe
1058 801 1326 845 praeceptum
1352 803 1380 837 a

138 871 367 916 Veteribus
401 868 600 926 Apollini
635 867 850 923 Delphico
887 866 1102 911 tributum
1139 867 1219 921 sit;
1252 868 1383 913 dubi.

136 946 217 993 tari
249 946 448 1003 profecto
481 958 572 990 non
603 953 786 1002 potest,
827 942 936 999 quin
973 942 1193 988 Historiae
1226 955 1379 998 magna

136 1036 190 1074 ac
234 1011 368 1078 paene
409 1022 555 1067 divina
602 1021 660 1064 sit
705 1019 982 1077 praestantia.
1050 1019 1136 1065 Est
1175 1020 1290 1064 enim
1333 1031 1382 1065 ea

138 1100 295 1144 mentis
319 1108 492 1145 nostrae
513 1107 694 1151 natura,
725 1106 776 1141 ut
803 1109 850 1141 se
874 1097 969 1153 ipse
990 1096 1179 1154 quisque
1203 1096 1262 1141 ita
1285 1108 1377 1141 ma·

139 1179 252 1228 xime
279 1185 540 1233 cognoscere
563 1175 729 1229 discat,
763 1175 804 1221 si
835 1169 1020 1220 maxime
1045 1174 1155 1220 alios
1180 1175 1381 1220 observet

138 1254 366 1308 homines,
406 1251 460 1296 ab
498 1251 641 1307 iisque
675 1252 727 1295 ad
764 1264 810 1295 se
843 1251 1075 1307 respiciat,
1116 1262 1249 1306 seque
1279 1264 1381 1296 cum

138 1330 195 1374 iis
225 1335 460 1383 comparet.
520 1326 605 1371 Sed
641 1338 777 1382 quum
811 1339 878 1371 res
909 1338 998 1370 non
1022 1327 1153 1371 modo
1182 1339 1380 1382 praesen-

135 1419 232 1462 tes,
261 1408 337 1452 sed
366 1407 567 1453 absentes
593 1418 771 1461 quoque
793 1405 1004 1462 cognosci
1029 1405 1380 1459 debeant‚·sint-

137 1496 221 1540 que
253 1483 451 1531 absentes
483 1482 554 1526 vel
577 1490 770 1536 temporo
793 1480 861 1524 vel
892 1480 1023 1533 loco;
1057 1480 1135 1524 hae
1157 1492 1232 1536 per
1259 1493 1380 1535 pere-

137 1560 426 1619 grinationes,
456 1559 556 1602 illae
582 1569 661 1612 per
686 1556 905 1602 Historias
926 1566 1269 1612 cognoscuntur.
1298 1557 1381 1601 Pe-

141 1635 442 1694 regrinationis
483 1635 628 1678 locum
665 1634 867 1689 supplere
898 1643 1044 1689 potest
1074 1633 1257 1690 diligens
1287 1644 1383 1677 stu-

139 1715 257 1760 dium
290 1711 621 1768 Geographiae,
654 1723 764 1767 quae
790 1711 885 1766 ipsa
908 1710 1127 1755 Historiae
1158 1724 1257 1766 pars
1286 1721 1379 1757 ests

137 1791 365 1843 Historia,
395 1789 431 1834 si
454 1798 610 1843 vacet,
640 1788 727 1834 alio
760 1787 911 1832 studio
946 1786 1139 1841 suppleri
1179 1799 1272 1834 non
1299 1800 1383 1842 po·

140 1876 245 1912 test.
305 1865 476 1911 Videtis
508 1878 612 1922 ergo
635 1866 730 1923 ejus
755 1865 1068 1914 necessitatem.
1129 1863 1285 1919 Neque
1307 1876 1384 1908 ve-

143 1958 193 1988 ro
223 1945 309 1988 hoc
339 1944 399 1987 ita
427 1943 555 1996 dico,
585 1955 635 1992 ae
667 1943 707 1988 si
734 1943 924 1998 quisque
954 1942 1015 1986 ita
1039 1940 1191 1986 melior
1214 1942 1385 1996 sapien-

139 2020 312 2074 tior-que
341 2019 432 2072 sit,
463 2029 512 2061 ut
535 2018 662 2073 plura
694 2018 1015 2062 Historicorum
1045 2017 1205 2070 scripta
1229 2028 1384 2069 pervo-

139 2096 356 2143 lutaverit.
418 2094 574 2148 Neque
601 2094 711 2139 enim
739 2094 1028 2150 peregrinator
1050 2093 1108 2138 ita
1130 2093 1282 2138 milior
1312 2107 1381 2138 sa-

138 2172 411 2230 pientiorque
443 2172 619 2215 domum
663 2171 801 2224 redit,
845 2183 894 2214 ut
929 2171 1137 2225 plurimas
1182 2170 1380 2225 regiones

139 2249 408 2307 peragravit:
456 2250 601 2294 sedis
637 2249 869 2302 nimirum,
915 2248 1023 2302 qui,
1070 2258 1117 2291 ut
1159 2244 1377 2291 Homerus

142 2327 201 2374 ait
234 2328 287 2371 de
313 2326 486 2380 Ulisse,
517 2339 605 2371 non
636 2328 764 2371 modo
797 2328 957 2370 multas
979 2324 1108 2368 urbes
1132 2324 1270 2376 vidit,
1301 2323 1377 2367 sed

143 2405 380 2455 multorum
413 2405 639 2450 hominum
668 2406 839 2463 ingenia
873 2405 1108 2462 perspexit,
1169 2403 1283 2448 Sunt
1299 2402 1380 2457 qui

145 2487 291 2540 omnia
313 2488 533 2552 peregrina
561 2488 735 2537 laudent
748 2519 765 2542 ‚
798 2487 934 2542 patria
956 2495 1000 2534 et
1020 2485 1255 2535 domestica
1275 2496 1384 2527 con-

760 2563 809 2615 N
837 2577 868 2625 4
1278 2570 1384 2610 tem·
