1624 3016
243 154 332 205 ⁷5·
471 144 654 193 vta-A
698 143 756 189 n.
797 141 1270 196 normannus

298 286 490 331 scribendi
515 296 618 326 recte
638 287 774 336 'sapere
794 297 850 326 est
875 297 914 327 et
934 290 1156 339 principium
1186 301 1226 331 et
1249 292 1357 344 sonu

297 360 397 400 Rem
421 358 486 397 tibi
509 358 723 399 Socraticae
746 367 925 407 poterunt
945 360 1140 401 ostendere
1165 362 1313 404 chartae
1330 364 1410 421 (91
1425 365 1477 418 >a

252 505 343 540 non
367 492 498 538 modo
522 505 620 547 res,
651 493 725 538 sed
748 494 983 550 rationem,
1017 495 1063 542 in
1090 495 1407 542 Socraticorum
1428 497 1485 544 u·

250 568 344 613 bris
376 570 671 627 consignatam
705 583 822 616 csse:
856 585 933 616 nec
969 586 1064 619 esse
1097 574 1214 619 aliud
1248 573 1489 631 quidqua-

251 649 389 703 magis
409 646 708 703 Socraticum,
741 660 866 705 quam
896 650 1234 696 adolescentium
1259 654 1492 708 Iammu-

251 728 351 772 γοῦν
388 725 455 772 τὸν
489 726 624 784 τύφον
660 727 824 783 (92),
868 726 1033 771 inanem
1067 731 1281 773 tumorem·
1314 740 1366 773 ac
1390 740 1511 789 που,

252 811 348 847 tum
369 815 421 848 ex
442 803 594 848 animis
617 804 860 857 detrahere,
886 804 1282 861 praeiudicatasquc
1318 805 1496 861 opinio-

252 891 332 927 nes
355 880 849 938 expurgare,animique
874 881 1030 926 oculos
1055 881 1100 925 in
1123 894 1170 926 se
1189 882 1331 938 ipsum
1347 913 1365 936 ,
1388 878 1498 927 etad

254 958 327 1004 aui
351 958 492 1013 ipsius
514 956 811 1014 cognitionem
825 968 1118 1013 ,convertam
1132 954 1288 1015 {gitur
1300 955 1496 1017 discipu-

254 1035 343 1088 lis,
373 1034 413 1079 si
443 1034 548 1090 quld
579 1034 725 1089 aliud,
762 1035 964 1080 suadebat
997 1045 1046 1081 ut
1082 1037 1421 1094 Xenophontem
1452 1045 1498 1083 ct

253 1107 504 1155 Platonicos
539 1111 724 1168 legerent
753 1110 983 1169 dialogos,
1014 1114 1177 1171 quippe
1205 1114 1281 1169 qui
1313 1126 1403 1160 non
1426 1126 1500 1160 so·

252 1188 351 1232 ‘lum
395 1187 666 1233 verissimam
716 1189 886 1234 Atticae
914 1190 1145 1246 elegantiae
1175 1202 1394 1247 normam,
1424 1189 1501 1236 sed

257 1266 432 1311 unicam
479 1266 850 1323 certissimamque
897 1267 1107 1313 stultitiae
1149 1268 1500 1326 arrogantiaeque

260 1343 513 1388 medicinam
529 1374 547 1398 ,
566 1347 635 1392 τὸν
657 1347 825 1400 κριτικὸν
848 1345 918 1391 καὶ
941 1347 1173 1402 παθητικὴ
1190 1347 1318 1400 λόγον
1338 1347 1430 1403 (93
1443 1347 1468 1404 )
1483 1377 1503 1403 ,

259 1420 512 1479 Judicandi,
552 1423 879 1481 purgandaeque
910 1422 1098 1479 mentis,
1128 1423 1333 1468 rationem
1366 1423 1509 1470 conti·

266 1510 431 1544 nerent.

323 1576 392 1620 Ex
431 1576 682 1633 hujusmodi
725 1576 930 1634 ingenio,
959 1575 1188 1632 doctrina,
1218 1576 1510 1626 institutionis

267 1665 317 1699 ac
350 1653 463 1697 vitae
496 1653 691 1710 ratione,
721 1659 896 1700 anlmus
925 1654 1156 1700 exsistebat
1176 1653 1244 1698 his
1262 1653 1508 1700 ,virtutibus

260 1727 602 1780 consentaneus.
658 1732 906 1778 Acen-imus
929 1734 1029 1788 ille,
1062 1745 1187 1789 quem
1210 1742 1359 1777 natura
1380 1730 1514 1776 citri-

269 1807 449 1864 buerat,
482 1809 623 1865 pulcri
653 1809 884 1866 decorique
916 1823 1099 1864 sensus,
1129 1818 1296 1854 mature
1317 1818 1359 1852 et
1380 1809 1406 1853 a
1425 1809 1514 1864 pri-

272 1899 341 1931 ma
364 1887 460 1930 inde
484 1888 663 1943 pueritia
680 1887 734 1931 ad
753 1888 944 1931 actiones
958 1918 975 1940 ‚
998 1887 1134 1930 officia
1147 1919 1164 1940 ‚
1193 1896 1420 1939 moresque
1430 1896 1519 1928 tra·

272 1962 509 2008 ducebatur
532 1977 545 2008 2
586 1975 688 2007 mox
732 1962 923 2007 alebatur
967 1962 1291 2018 augebaturque
1326 1959 1516 2015 legendis

260 2040 486 2088 'continuo
512 2043 689 2099 optimis
720 2042 970 2098 quibusque
997 2041 1259 2105 Graecorum
1299 2039 1519 2084 Romano·

275 2133 458 2177 rumque
489 2121 683 2176 scriptis.
739 2119 806 2165 Ita
835 2121 948 2165 enim
986 2133 1064 2176 se,
1096 2117 1326 2176 profecto,
1356 2127 1424 2160 res
1445 2117 1524 2162 ha·

323 2254 412 2306 (91
433 2255 455 2306 )
482 2256 621 2296 Horat.
646 2258 731 2298 Art.
758 2257 874 2297 Ροέι.
900 2267 989 2306 309.
1419 2194 1526 2252 bet,

261 2349 267 2355 ·
328 2327 415 2379 (92
431 2328 456 2380 )
482 2328 704 2369 Plutarchus
740 2331 804 2370 De
842 2328 1051 2370 Audiendis
1087 2316 1363 2378 philosophis,
1383 2336 1428 2376 p·
1447 2334 1526 2373 39,

282 2402 347 2440 D:
376 2401 600 2451 Quaestion.
626 2402 812 2442 Platonic.
837 2402 872 2441 1.
893 2413 934 2450 p.
953 2413 1005 2451 99
1026 2411 1065 2440 et
1095 2403 1203 2444 1080.
1229 2399 1412 2442 Bffilioth.
1423 2397 1524 2438 crit.

281 2473 373 2523 Vol.
401 2473 476 2513 111.
505 2475 603 2514 Part.
628 2472 665 2515 Ῑ.
690 2485 731 2523 P.
757 2486 822 2513 20.
846 2485 930 2523 seq.

331 2539 452 2593 (93)
481 2543 672 2584 Plutarch.
697 2543 862 2592 ibidem,
887 2554 928 2594 p.
953 2553 1058 2594 999,
1082 2543 1130 2584 Ρ.
1211 2583 1217 2587 ,
