1624 3016
298 206 401 261 -14,
484 194 724 247 omno
748 193 830 246 na
857 195 1088 249 mos.
1118 197 1391 253 munst.

314 335 444 380 quum
468 332 606 368 rerum
630 333 807 368 munau
834 323 1059 381 exquirat,
1089 338 1176 373 non
1204 337 1350 384 potest
1373 330 1537 385 placere

311 401 396 454 iis,
426 400 501 455 qui
524 398 771 455 opinionem
797 400 934 457 magis
955 410 1079 456 quam
1106 404 1320 450 veritatem
1344 419 1534 463 sequun-

306 486 410 531 tur,
440 477 528 533 qui·
546 474 632 532 ipsi
661 476 746 520 sibi
782 478 980 533 placent,
1020 479 1385 538 ignorantiamque
1410 498 1531 530 suam

308 554 574 612 arrogantiae
596 555 720 610 quati
742 555 842 600 velo
863 556 1104 613 obtegunt,
1134 560 1296 614 quique
1318 572 1424 605 suos
1447 563 1534 608 sibl

305 644 468 677 errores
495 632 601 687 eripi
625 643 746 689 aegre
777 631 947 688 ferunt,
973 646 1027 678 ne
1059 646 1206 690 parum
1243 637 1441 691 sapuisse
1471 635 1538 681 vi·

307 707 505 754 deantur.
572 708 672 754 Hoe
706 709 899 754 veritatis
930 712 1124 756 studium
1157 712 1323 756 Socrati
1357 712 1536 777 exitium

305 786 480 831 attulitz
514 785 597 831 hoc
620 786 658 830 el
685 787 899 833 contraxit
933 788 1029 833 odia
1066 789 1385 845 sophistarum,
1427 789 1538 835 alio-

305 875 515 920 rumque,
542 863 704 920 quibus
726 864 878 910 inutile
902 875 988 910 erat
1007 866 1200 922 reliquos
1219 867 1336 911 cives
1355 866 1536 912 nimium

308 952 481 998 saperet
513 940 616 997 qui,
645 952 746 985 cum
776 941 1016 986 rationibus
1046 942 1206 987 efficere
1236 944 1299 988 nil
1327 952 1539 1000 possent,

303 1027 402 1062 eum
425 1017 471 1062 in
502 1016 643 1072 plebis
665 1012 869 1075 invidiam
894 1026 1136 1071 vocarunt,
1167 1026 1239 1071 et,
1269 1019 1391 1073 quod
1423 1019 1541 1075 apud

304 1107 396 1141 eam
420 1094 652 1151 plurimum
681 1094 792 1138 valet
807 1123 825 1149 ,
854 1093 1083 1138 innovatae
1117 1094 1338 1151 religionis
1360 1095 1541 1142 erimine

305 1185 403 1219 eum
440 1172 771 1219 arcessiverunt.
839 1170 923 1217 Est
967 1172 1052 1216 hoc
1087 1167 1302 1227 hodieque
1335 1172 1545 1218 Philoso-

302 1249 432 1305 phiae
458 1247 592 1303 fatum
607 1246 632 1302 ,'
663 1255 713 1291 ut
743 1258 850 1291 suos
882 1246 1034 1292 habeat
1066 1246 1294 1302 inimicos,
1325 1260 1430 1294 suos
1466 1262 1543 1294 so·

303 1326 504 1383 phiatas,
533 1337 586 1371 ut
610 1326 650 1371 ei
673 1334 816 1383 parata
845 1324 934 1370 sint
956 1324 1178 1382 imperitae
1207 1326 1348 1385 plebis
1380 1327 1478 1372 odia
1498 1337 1544 1372 et

304 1406 646 1452 criminationes.

318 1504 325 1511 ·
364 1483 597 1530 Videamus
618 1484 740 1529 aliam
764 1483 895 1541 hujus
913 1482 1174 1529 calamitatis
1194 1494 1409 1529 caussam.
1455 1483 1550 1530 Ec-
1605 1532 1610 1537 ,

307 1561 382 1606 ee!
426 1562 472 1607 in
514 1562 658 1606 vicina
686 1560 832 1606 Gallia
873 1560 1243 1617 Philosophorum
1290 1562 1463 1607 nomine
1502 1573 1547 1608 et

306 1637 392 1693 ipsi
415 1649 462 1682 se
482 1638 672 1695 iactant,
699 1646 743 1680 et
768 1638 822 1681 ab
855 1637 952 1681 aliis
986 1637 1310 1694 insigniuntur,
1339 1638 1435 1694 illi,
1466 1639 1546 1696 qui

305 1715 553 1772 religionem
577 1722 619 1776 et
646 1716 849 1759 virtutem
884 1716 1081 1769 tollunt,
1112 1715 1278 1771 quique
1307 1716 1545 1762 certissima

307 1792 664 1847 sanctissimaque
687 1792 896 1837 bonarum
918 1792 1244 1848 disciplinarum
1268 1791 1544 1838 fundamenta

305 1866 563 1919 labefactare
591 1883 820 1931 conantur.
889 1872 1022 1927 Nos,
1068 1883 1119 1917 ut
1146 1885 1300 1918 sumus
1330 1873 1546 1928 proclives

304 1953 362 1998 ad
390 1953 599 2006 aliorum,
641 1952 885 2007 praesertim
932 1951 1159 1996 Gallorum
1175 1983 1192 2006 ,
1239 1950 1346 1996 vitia
1377 1951 1549 1997 imitan-

307 2031 391 2085 da,
422 2030 626 2087 paulatim
664 2030 710 2073 in
745 2030 925 2074 eundem
960 2041 1143 2075 errorem
1167 2028 1332 2073 inducti
1359 2041 1546 2085 sumus;

307 2119 449 2163 neque
491 2106 895 2160 animadvertimus,
935 2118 1034 2150 cum
1077 2105 1285 2161 loquendi
1316 2106 1552 2150 temeritate

311 2185 613 2242 gravissimum
637 2183 772 2228 falsae
797 2184 1139 2229 ratiocinationis
1172 2183 1327 2228 vitium
1363 2185 1552 2240 conjun-

311 2274 431 2306 ctum
457 2274 571 2306 esse.
626 2263 777 2316 ltaque
804 2261 1030 2315 videmus,
1061 2262 1271 2315 quosdam
1294 2261 1365 2304 vel
1385 2261 1440 2305 ad
1467 2273 1551 2306 no-
1608 2250 1624 2267 '

311 2355 409 2385 men
467 2340 774 2396 Philosophiae
825 2341 1124 2384 exhorrescere
1146 2372 1164 2395 ,
1211 2353 1353 2396 neque
1403 2340 1546 2385 levius

314 2419 529 2473 quoddam
561 2419 717 2461 malum
747 2429 835 2465 mm
869 2429 964 2460 esse
987 2417 1212 2471 arbitrari,
1245 2429 1372 2480 quam
1394 2417 1548 2473 dispu-

317 2496 508 2549 tatricem
534 2495 819 2550 periculosam
846 2505 890 2538 et
913 2495 1144 2551 audacem,
1175 2507 1284 2551 quae
1317 2506 1456 2540 rerum
1484 2495 1550 2538 di-

1487 2583 1554 2615 vt-
