1624 3016
228 132 328 197 '460
380 130 725 187 PRAEFATIO
765 130 1371 185 mmmvznstomm

232 262 364 316 nudi,
375 261 499 305 nullo
517 259 719 303 Veterum
737 269 819 302 usu
830 268 1118 314 apparatuque
1131 260 1358 317 instructi,
1373 261 1463 318 pri.

227 349 357 385 orum
382 349 429 381 se
445 336 587 393 copiis
605 336 880 391 interpretum
906 333 1111 379 vestirent
1132 345 1261 392 atque
1280 339 1466 383 instrue-

239 422 351 458 rent.
391 410 537 466 Ecce,
559 410 714 456 veteris
738 410 941 456 Auctoris
963 422 1106 455 novus
1129 410 1278 456 existit
1298 413 1463 459 editori

232 479 357 546 Quid
366 487 484 544 agit?
504 486 696 533 Priorum
711 487 989 545 interpretum
1000 486 1327 532 commentarios
1339 489 1470 534 anim-

234 564 598 619 adversionesque
628 565 672 609 in
697 576 832 609 unum
861 576 1058 608 acervum
1090 563 1312 619 congerit3
1355 563 1470 610 haud

234 640 363 687 aliter
376 650 507 696 atquc
528 640 818 695 architectus,
849 640 893 685 in
926 642 1058 685 aliena
1086 639 1258 684 materia
1280 638 1472 684 domina·

234 725 331 763 turt
346 716 444 763 inde
454 747 471 773 ,
485 717 696 773 quidquid
708 718 829 772 vult,
843 717 1000 773 promit
1015 726 1061 760 ut
1082 728 1206 760 nuum
1220 729 1236 771 3
1250 716 1473 772 repreben-

231 793 361 839 dendi
394 792 607 838 materiam
639 802 822 847 nactus,
850 805 995 837 verum
1027 792 1247 838 dominum
1275 792 1472 837 invento-

229 882 407 924 remque
427 869 618 915 nominat
637 878 679 912 et
705 869 748 913 in
762 868 981 924 triumpho
994 869 1132 914 ducit.
1161 869 1319 914 Nonne
1333 867 1467 924 magia

233 947 359 995 etiam
394 944 590 1002 improbe
621 944 711 1000 agit
742 956 869 999 quarn
890 956 1016 989 vetus
1037 945 1111 989 ille
1129 947 1362 1002 graculus,
1396 943 1468 988 cui

236 1025 344 1070 satis
376 1031 463 1066 erat
495 1021 670 1066 aliarum
693 1032 741 1065 se
761 1021 905 1065 avium
933 1020 1087 1076 pennis
1119 1032 1322 1077 ornasse,
1365 1033 1464 1065 aves

230 1099 351 1155 ipsas
374 1110 462 1147 non
483 1096 695 1143 vexabat?
724 1096 808 1142 Sed
829 1097 1029 1143 utilitatis
1054 1097 1161 1153 quid
1192 1096 1375 1142 afftrunt
1406 1097 1469 1141 is·

233 1185 302 1222 tae
322 1173 565 1224 editiones?
595 1173 750 1221 Doctis
772 1183 846 1220 aut
872 1173 1014 1230 nihil,
1039 1185 1114 1218 aut
1132 1186 1309 1229 parum:
1329 1186 1383 1218 ne
1402 1174 1470 1218 inp

233 1252 379 1297 doctis
425 1250 595 1305 quidem
643 1261 693 1295 ac
734 1250 951 1295 tironibus
974 1280 993 1305 ,
1036 1250 1198 1306 quibua
1235 1249 1470 1295 destinatae

234 1338 368 1383 sunt,
390 1337 556 1372 tantum
585 1334 793 1382 quantum
820 1326 955 1381 vulgo
979 1335 1182 1381 putatum
1205 1327 1370 1381 quippe
1381 1337 1471 1370 sae-

231 1415 287 1460 pe
318 1405 476 1448 alienae
501 1403 723 1456 materiae,
755 1415 834 1449 nec
867 1402 967 1457 ipso
990 1400 1192 1447 Veterum
1228 1414 1311 1447 usu
1341 1402 1474 1447 colle·

233 1489 326 1527 ctae
342 1510 360 1533 ,
376 1480 646 1536 ignoratione
658 1509 676 1533 ,
688 1491 812 1534 saepe
825 1478 1012 1534 eiusdem
1022 1478 1340 1535 constipatione
1351 1508 1369 1533 ,
1381 1490 1471 1523 sac·

233 1567 292 1612 pe
313 1555 426 1599 inani
441 1554 703 1611 loquacitate
716 1585 733 1609 ‚
757 1565 799 1605 et
820 1553 940 1610 ipsae
958 1564 1144 1603 errantes
1162 1565 1206 1601 et
1223 1554 1466 1611 legentibus

236 1642 418 1675 errorem
447 1631 760 1687 caliginemque
781 1630 1079 1687 offundentes3
1114 1641 1165 1677 ut
1186 1631 1279 1689 ipsc
1301 1631 1471 1677 Auctor

236 1706 363 1756 aolus
393 1715 436 1750 et
463 1707 627 1752 minore
656 1718 755 1753 cum
781 1706 937 1753 erroris
967 1707 1162 1762 periculo
1198 1709 1388 1764 legetur,
1425 1717 1471 1755 et

235 1782 413 1829 fecilius
424 1782 701 1839 intelligatur.
733 1781 892 1837 Neque
909 1795 1011 1829 vero
1034 1785 1119 1832 hoe
1142 1785 1203 1830 ita
1214 1784 1341 1839 dIco,
1359 1795 1409 1831 ac
1430 1782 1473 1829 ai

236 1870 384 1905 omnes
402 1858 611 1907 ineadem
638 1858 813 1916 levitate
836 1861 924 1907 sint
952 1861 1164 1910 editiones
1183 1861 1303 1907 istae.
1354 1860 1471 1906 Sunt

230 1933 417 2001 <omnino
439 1934 642 1989 quaedam
657 1934 829 1983 sactaea
842 1926 948 1979 viris
970 1936 1112 1980 doctis
1137 1946 1179 1983 et
1202 1936 1472 1994 ingeniosis,

231 2023 313 2062 ,nec
342 2010 481 2058 alieno
513 2009 807 2066 indigentibus
840 2001 1020 2054 ornatur
1058 2013 1134 2056 sed
1162 2022 1207 2057 et
1243 2013 1320 2058 hae
1352 2011 1466 2067 fere,

235 2097 290 2131 ut
317 2087 532 2140 reliquae,
559 2086 621 2130 ita
645 2095 749 2132 sunt
778 2097 1073 2143 comparatae,
1109 2097 1158 2135 ut
1179 2087 1339 2138 alienas
1360 2100 1470 2144 opes

236 2176 320 2219 pro
340 2162 433 2207 suis
455 2162 692 2209 venditent.

289 2239 384 2295 Jam
420 2238 536 2287 dicat
558 2238 657 2294 quis
672 2271 690 2294 ,
722 2239 795 2288 Tu
829 2253 932 2286 vero
954 2240 1133 2287 aliorum
1163 2241 1471 2298 reprehensor,

240 2326 325 2369 qua
345 2314 441 2369 ipse
457 2314 678 2372 diligentia
699 2326 743 2360 et
763 2317 968 2374 religione
985 2320 1252 2374 provinciam
1270 2319 1474 2373 interpre-

235 2390 296 2438 tis
317 2390 667 2438 administrabis?
696 2392 910 2448 Equidem
944 2403 987 2439 et
1019 2397 1173 2450 partim
1197 2396 1314 2450 dixi,
1338 2405 1385 2439 ct
1401 2394 1474 2445 ,di-

232 2477 335 2519 'cam
358 2467 478 2522 quod.
501 2479 728 2524 superestz
760 2470 835 2519 sed
859 2470 994 2519 dicam
1016 2473 1070 2516 ad
1093 2485 1259 2530 aequos
1278 2471 1381 2516 illos
1400 2471 1469 2519 in-

1390 2546 1471 2593 tel·
1560 2564 1573 2574 x
