1624 3016
270 195 611 269 ‚msToRmz
638 209 722 256 An
751 206 929 258 sTun.
962 205 1218 262 vauT.
1278 195 1377 265 211*

133 325 341 401 inmitate
363 335 682 392 compensatur.
742 336 911 397 Immo,
939 337 1148 394 parvitati
1183 350 1362 398 respon-

130 412 202 462 det
232 413 434 459 brevitas.
503 415 609 470 Sed,
643 413 859 470 fortasse,
890 425 1071 470 utraque
1103 428 1366 471 compensa-

128 499 203 534 tur
225 491 438 547 suavitate
462 493 599 546 vitae,
628 502 671 558 et
708 501 883 537 naturae
915 503 1087 535 munere
1121 493 1359 549 explendo;

129 569 267 613 veluti
287 570 410 626 ajunt
428 569 480 613 de
502 567 589 614 illis
610 569 665 612 ad
688 568 908 624 Hypanim
934 568 1116 613 fluvium
1139 570 1366 625 bestiolis,

131 636 264 700 quae,
308 658 400 710 quo
431 644 502 706 die
533 654 800 697 nascuntur,
842 644 989 688 eodem
1021 644 1295 700 moriuntur,
1323 656 1367 690 et

134 732 285 774 omnes
324 720 437 764 vitae
469 730 573 763 suae
606 727 750 773 partes
786 727 829 761 et
870 726 1023 762 aetates
1056 719 1210 774 paucis
1244 719 1366 764 horis

128 797 391 843 absolvunt:
424 805 604 849 quarum
638 795 677 837 si
712 805 838 838 nemo
874 793 1066 836 mIseratn
1091 806 1184 836 esse
1202 803 1362 838 sortem

129 872 271 928 dicat,
300 866 488 938 ho'tninis
517 884 631 916 certe
658 862 814 916 sortem
842 870 1096 927 praeclaram
1127 871 1363 923 habendam

126 949 246 1005 esse,
275 950 438 1007 quippe
465 952 511 995 in
543 952 683 995 multo
720 951 876 1009 majore
912 962 956 996 et
988 951 1101 997 vitae
1138 952 1285 1009 spatio
1315 964 1361 998 et

129 1011 306 1074 naturae
334 1027 612 1084 praestantia,
673 1027 919 1084 Equidem,
949 1041 999 1077 ut
1029 1043 1121 1077 non
1143 1038 1289 1075 statuo
1311 1030 1366 1074 de

130 1116 250 1170 sorte
272 1108 428 1155 horum
455 1116 495 1150 et
517 1107 699 1151 aliorum
734 1106 1010 1162 animalium,
1040 1112 1226 1164 quorum
1250 1108 1367 1153 vitae

128 1187 342 1234 actionem
365 1197 407 1231 et
431 1198 604 1234 sensum
623 1198 713 1231 non
738 1186 845 1232 satis
871 1185 1099 1244 intelligo,
1128 1185 1188 1230 ita
1213 1186 1365 1243 Expe-

130 1264 302 1326 tientiae
322 1273 367 1310 et
388 1261 607 1310 Historiae
632 1264 872 1319 assentior,
902 1276 993 1310 non
1015 1277 1111 1312 esse
1130 1276 1260 1322 quare
1281 1264 1364 1317 ho-¹

131 1353 207 1399 mo
229 1344 460 1399 ‘tantopere
490 1341 542 1387 de
573 1352 748 1387 naturae
779 1354 881 1388 suae
913 1341 1179 1399 praestantia
1211 1337 1370 1403 glorie-

131 1427 230 1470 ωτι
250 1420 323 1465 cui
343 1404 516 1465 naturae
537 1405 891 1480 quotusquisque
908 1405 974 1482 est
995 1419 1072 1476 qui
1097 1414 1365 1476 satisfaciat?

129 1499 227 1554 At,
265 1498 441 1553 inquit,
481 1497 655 1544 Virtute
688 1508 862 1555 paratur
896 1497 1109 1554 felicius,
1150 1508 1224 1543 aut
1252 1507 1368 1541 certe

130 1577 245 1624 vitae
271 1577 478 1626 suavitas.
533 1576 625 1631 At,
655 1587 707 1621 ut
741 1577 882 1624 eadem
915 1576 1191 1634 Experientia
1222 1584 1264 1620 et
1283 1575 1367 1619 Hi·

131 1656 266 1711 storia
286 1655 442 1710 docet,
474 1654 559 1701 hoc
584 1655 774 1701 Virtutis
794 1655 847 1701 ad
872 1654 1119 1723 felicitatem
1149 1653 1231 1699 iter
1254 1655 1368 1699 mul·

130 1731 190 1779 tis
216 1745 350 1790 saepe
379 1731 692 1779 calamitatibus
715 1733 935 1778 turbaturi
969 1745 1094 1790 saepe
1126 1732 1257 1778 bonis
1279 1745 1369 1777 ma·

53 1865 56 1869 .
131 1810 209 1865 le,
239 1809 365 1857 malis
383 1809 524 1866 bene,
552 1821 648 1856 est·
678 1811 724 1855 in
759 1793 916 1856 animis
941 1819 1165 1862 versantur
1186 1822 1302 1855 error
1320 1819 1367 1855 et

130 1886 401 1933 imbecillitas
414 1919 433 1943 ,
462 1887 510 1933 in
530 1886 789 1944 corporibus
809 1886 1037 1950 infirmitas
1068 1898 1111 1933 et
1130 1887 1362 1943 valetudo,

130 1962 178 2008 iu
205 1960 381 2008 fortuna
401 1962 607 2026 iniquitas
636 1973 678 2008 et
705 1949 966 2010 adversitati
993 1964 1172 2018 deinde,
1203 1963 1279 2007 ubi
1314 1975 1366 2009 ex

131 2025 348 2084 erroribus
399 2047 443 2083 et
489 2038 789 2096 praejudicatis
837 2038 1119 2095 opinionibus
1160 2030 1371 2095 emergere
1418 2069 1424 2073 -

133 2109 230 2170 ‚nos
246 2114 468 2171 coepimus
479 2146 505 2171 ,v
524 2100 622 2160 vsero
653 2125 720 2160 est
737 2145 754 2170 ,
784 2099 922 2174 instat
946 2124 1144 2161 senectus
1166 2123 1209 2157 et
1233 2125 1370 2173 mors.

132 2189 233 2257 Hoc
269 2191 381 2236 mihi
408 2192 508 2235 loco
539 2203 690 2237 rursus
716 2190 762 2235 in
794 2186 975 2240 mentem
1008 2189 1127 2236 venit
1158 2183 1367 2248 Homeri}

133 2269 212 2329 qui
228 2268 450 2329 2divinitus
471 2269 594 2324 plane
618 2256 879 2318 informavit.
895 2280 1111 2337 summum
1123 2253 1367 2339 ,imperium

131 2356 175 2391 et
202 2358 361 2393 numen
386 2346 540 2403 Jovis,
579 2348 704 2405 cujus
739 2348 785 2391 in
807 2331 958 2393 'manu
975 2335 1028 2393 ab
1060 2350 1186 2393 aurea
1216 2331 1369 2419 caten}

130 2436 391 2491 suspensum
427 2424 487 2470 sit
516 2435 655 2470 totum
691 2426 954 2473 universum.
1022 2425 1074 2472 si
1101 2427 1201 2482 quis
1230 2425 1368 2485 igitur

135 2500 183 2551 in
205 2501 331 2545 rebus
356 2500 668 2550 fluctuantibus
690 2503 855 2557 aliquid
889 2502 1104 2548 firmitatis
1134 2504 1188 2548 ad
1222 2503 1369 2570 consi·

127 2578 332 2639 ³§tendum
359 2590 564 2634 quaerat,
607 2580 691 2625 hoc
739 2593 829 2624 ιιοιι
864 2574 1013 2636 potius
1043 2581 1096 2626 ab
1134 2580 1370 2638 interjectis

746 2657 788 2701 O
815 2671 843 2703 ιι
1299 2669 1374 2702 ca-
