1624 3016
367 150 626 214 seneen
658 158 862 214 muno.
893 159 1139 217 msa-om
1296 167 1380 230 ὰς,

145 301 258 337 tusa
288 298 331 335 et
351 289 461 346 quae
484 291 646 346 optima
670 304 821 356 operae
841 306 940 350 pars
961 303 1078 349 erat,
1101 292 1271 351 aliquot
1289 293 1381 340 Ne·

147 366 267 423 potis
309 366 464 424 Vitae,
509 369 683 427 Virgilii
723 370 966 427 Georgica,
1017 373 1220 418 Aeneidis
1258 373 1384 419 dimi·

149 444 288 490 dium.
333 445 441 490 Hoc·
457 446 712 501 quantulum
733 447 832 491 est?
864 457 906 491 et
929 448 1070 492 totum
1095 448 1183 492 fere
1205 450 1251 494 in
1272 449 1386 494 obii·

149 522 318 566 vionem
341 512 526 570 abierat,v
573 525 710 569 Erant
733 524 809 578 qui
831 527 1052 580 dicerent,
1083 525 1259 570 Latinis
1287 528 1388 571 lite·

149 601 210 645 ris
247 602 381 656 mihi,
410 602 668 647 Graecarum
699 601 868 656 perito,
894 603 980 658 jam
1013 614 1103 646 non
1126 616 1240 658 opus
1267 610 1378 650 esse.

147 679 282 736 Quod
323 689 450 736 quam
495 680 552 724 sit
583 679 797 734 stultum,
834 691 876 724 et
914 692 997 724 vos
1028 681 1183 725 videtis
1222 692 1264 725 et
1302 695 1385 740 ego

148 757 452 813 intenigebama
512 757 687 801 Accedo
711 758 763 801 ad
791 755 1061 804 Terentium.
1124 760 1383 805 Incredibile

148 833 278 880 vobIs
316 832 496 881 narrabo
525 844 567 877 et
602 845 743 879 tamen
776 846 950 880 verum:
993 848 1047 879 ne
1077 831 1384 883 Demosthenis

149 909 320 965 quidem
349 912 516 967 primus
550 913 697 956 aditus
717 906 937 958 difficilior
958 912 1045 958 fuit
1068 926 1194 969 quam
1221 915 1384 960 Tenen·

146 987 212 1032 tii.
272 987 418 1034 Unius
452 992 611 1034 mensis
644 989 768 1036 labor
799 990 1044 1047 expeditum
1069 991 1252 1036 reddiiit
1282 992 1379 1036 iter.

149 1064 287 1124 Pergo
307 1066 360 1111 ad
384 1067 668 1124 Ciceronem,
692 1076 785 1113 tum
811 1069 864 1113 ad
887 1068 1013 1115 allos.
1062 1068 1185 1128 Quid
1210 1070 1384 1115 multa?

149 1145 431 1202 quocumque
463 1146 710 1203 ingredior,
742 1132 906 1192 Gra‘cca
936 1148 1119 1206 vestigia
1157 1161 1383 1206 agnosco,

147 1243 245 1286 res,
265 1223 495 1274 dictionem
509 1262 525 1285 ,
549 1228 783 1274 sententias
806 1229 852 1273 in
874 1229 1058 1273 alienum
1082 1227 1227 1274 solum
1244 1240 1387 1274 trans·

143 1311 268 1356 latas.
329 1307 460 1353 Unus
479 1319 618 1352 annus
646 1305 827 1352 Latinas
851 1305 1050 1363 patefecit
1073 1305 1259 1351 Literas.
1318 1305 1386 1352 De

144 1390 314 1444 reliquo
337 1399 468 1431 cursu
492 1399 580 1432 non
602 1386 741 1430 dicam
764 1386 851 1430 nisi
876 1385 989 1439 hoc,
1020 1397 1117 1428 eum
1154 1385 1386 1440 hucusque

146 1466 206 1511 ita
226 1477 320 1512 esse
337 1474 484 1509 actum
499 1495 516 1520 ,
548 1471 597 1507 ut
618 1462 778 1507 tardior
801 1461 1138 1517 diligentior-que
1159 1461 1386 1517 progrede-

146 1557 239 1590 τετε
278 1555 368 1589 non
402 1553 451 1588 ut
484 1542 649 1593 multa,
689 1541 764 1586 sed
796 1541 1013 1595 muitum,
1054 1539 1262 1595 legerem:
1298 1547 1378 1582 nee

143 1623 282 1681 magis
315 1623 553 1668 accederem
587 1621 642 1664 ad
669 1632 813 1674 nova,
853 1628 981 1674 quam
1008 1625 1150 1666 vetera
1179 1625 1378 1661 retraen-

145 1712 262 1754 rem,
292 1698 345 1743 ad
373 1695 565 1743 criticam
590 1694 796 1741 rationem
822 1693 1060 1750 exigerem,
1091 1692 1145 1737 ad
1177 1692 1386 1738 scientiae

142 1775 335 1823 fructum
370 1773 588 1829 animique
622 1784 801 1818 sensum
839 1770 1054 1816 referrem.

205 1853 327 1909 Ergo
355 1836 475 1908 quod
509 1862 590 1908 ego
626 1848 722 1894 sine
752 1849 984 1906 magistro,
1014 1848 1110 1893 sola
1139 1847 1383 1905 industria,

149 1928 307 1987 potui,
340 1927 425 1973 hoc
450 1935 558 1983 vos,
588 1926 802 1983 ingeniosi
836 1926 1158 1979 adolescentes,
1187 1927 1385 1983 adjutore

147 2007 386 2064 magistro,
414 2017 504 2050 non
525 2003 759 2061 poteritis?
812 2003 949 2050 Immo
974 2004 1076 2059 plus
1110 2003 1236 2048 etiam
1263 2011 1388 2059 pote.

144 2085 269 2131 ritis:
303 2081 437 2128 modo
459 2080 595 2127 studii
615 2079 901 2125 constantiam
924 2078 1151 2133 adferatis,
1182 2079 1274 2123 sine
1297 2082 1389 2135 qua

148 2160 291 2206 omnis
334 2155 495 2214 ingenii
526 2157 732 2200 'celeritas
778 2156 832 2201 ad
877 2155 1171 2211 percipiendas
1214 2152 1384 2202 Literis

147 2237 468 2293 Disciplinasve
496 2247 605 2279 vana
633 2244 674 2278 et
705 2233 871 2279 inutilis
899 2234 982 2278 est.
1359 2242 1361 2246 ’

203 2315 315 2369 Sed,
355 2313 529 2369 inquit,
572 2313 677 2357 Non
715 2312 918 2357 omnibus
952 2311 1075 2357 vacat
1109 2320 1275 2357 tantum
1315 2302 1386 2357 iris

142 2392 308 2439 Literis
340 2402 511 2447 tempus
544 2389 671 2445 dare3
711 2403 851 2446 neque
886 2389 1045 2446 etiam,
1087 2390 1209 2446 quod
1238 2399 1288 2435 tu
1325 2389 1390 2436 fa'-

144 2470 241 2526 cIs,
274 2482 345 2515 eas
381 2467 728 2526 profitebuntur:
761 2470 879 2515 aliud
914 2471 1076 2526 cuique
1106 2471 1389 2527 praecipuum

147 2558 211 2594 ost
250 2547 476 2604 studium,
522 2559 613 2604 quo
653 2547 887 2602 aliquando
925 2543 971 2592 εἰ
1011 2559 1099 2592 rem
1142 2555 1187 2592 et
1219 2546 1391 2592 laudent

768 2625 811 2680 R
839 2639 868 2680 4
1064 2637 1066 2640 ⁴
1261 2627 1391 2678 quae·
