1624 3016
359 148 620 196 samer.
653 148 1129 197 PRINC.·HIS‘1·0R.
1163 135 1179 176 2*
1278 153 1375 206 aar·

115 286 252 327 *mero
283 282 328 317 et
352 273 577 328 varietate,
608 283 658 317 ut
678 287 753 318 eos
782 273 1114 318 desideraremus
1138 273 1184 318 in
1206 284 1359 329 prosae

135 361 311 406 genere,
348 349 591 405 praesertim
633 362 714 404 eo,
753 351 874 405 quod
905 350 1127 395 communi
1163 350 1372 395 omnium

132 429 280 484 captui
311 428 508 473 -maxime
539 431 931 473 ·accommodatunr
965 439 1030 472 est
1048 460 1065 482 ‚
1111 426 1373 476 Historieo„⁴

131 505 282 560 anue
310 506 438 552 nobis
465 505 640 562 penuria
668 517 821 551 caussa
844 505 931 548 fuit
962 505 1092 563 hujus
1124 506 1271 550 edendi
1303 505 1372 550 li-‘’

126 584 245 633 beni.
505 591 508 599 “
1306 608 1311 611 ·
1360 586 1369 600 ’

185 665 286 722 Qua
307 665 352 709 in
383 675 428 708 re
456 675 605 709 vereor
633 674 688 708 ne
716 662 804 707 sint
831 661 994 718 quibus
1024 662 1178 707 mirum
1200 661 1369 707 videa-¹

124 750 422 795 tui-,tantum
445 753 468 783 a
488 752 555 786 me
577 738 711 782 tribui
737 750 890 794 prosae
919 737 1127 783 orationis
1157 737 1355 794 Scripto-

126 818 276 870 ribus,
305 817 464 872 quibus
485 816 680 871 plerique
706 814 967 861 Graecarum
998 814 1238 859 Literarum
1266 826 1354 859 ma·

126 894 250 949 gistri
267 902 340 939 aut
362 893 530 939 nullum
552 903 627 938 aut
647 893 848 950 exiguum
866 893 969 938 dant
990 893 1152 937 locum.
1197 889 1351 936 Meum

122 981 226 1015 vero
260 982 428 1028 semper
460 970 544 1015 fuit
577 969 818 1026 iudicium,
855 968 1083 1033 utriusque
1108 966 1349 1020 orationis,

122 1056 165 1090 et
199 1048 350 1102 ligatae
374 1057 417 1090 et
447 1048 639 1100 solutae,
671 1046 833 1102 scripta
854 1057 944 1091 non
970 1046 1113 1091 minua
1150 1046 1195 1089 ln
1216 1044 1351 1088 'acho-

119 1123 204 1177 lis,
235 1135 360 1176 quam
398 1122 442 1166 in
474 1122 589 1166 virili
618 1132 753 1167 aetate
784 1132 827 1167 et
858 1124 1019 1178 reliqua
1041 1122 1207 1167 [iterata
1230 1120 1350 1175 vita,

121 1200 337 1243 tractanda
357 1211 466 1244 esse.
526 1198 616 1257 Qui
650 1200 771 1244 solos
802 1201 952 1256 legunt
978 1199 1351 1257 prosaescripto-

119 1288 218 1330 res,
250 1277 401 1321 horum
424 1276 618 1332 ipsorum
644 1277 768 1323 locos
798 1279 1039 1333 plurimos,
1069 1278 1120 1323 ut
1148 1292 1172 1323 e
1205 1277 1348 1332 Poetis

119 1355 306 1408 ductos,
337 1366 426 1398 non
449 1355 712 1410 intelligente
741 1355 795 1400 ad
826 1357 1055 1402 multarum
1090 1357 1222 1400 etiam
1249 1368 1352 1411 pro·

118 1442 190 1475 sae
209 1440 478 1476 venustatum
495 1432 885 1488 elegantiarumque
904 1445 1081 1479 sensum
1104 1433 1343 1491 frigebant.

117 1508 315 1563 Contra,
344 1507 419 1563 qul
443 1509 567 1552 unice
591 1509 635 1553 in
656 1509 799 1555 Poetis
822 1522 1079 1566 versantur,
1109 1512 1169 1557 ita
1196 1512 1343 1566 paula·

115 1584 191 1631 tim
222 1587 275 1631 ad
293 1589 527 1633 carminum
554 1590 728 1634 modum
753 1589 1086 1644 adhaerescunt,
1115 1598 1167 1633 ut
1190 1587 1254 1632 nil
1276 1587 1345 1631 ni-

113 1665 154 1710 si
173 1674 343 1711 cantare
365 1668 520 1712 velintz
538 1678 585 1711 ut
603 1668 656 1712 ad
675 1667 862 1711 Atticam
885 1666 1166 1711 urbanitatem
1186 1663 1344 1709 dictio-

114 1742 270 1798 nisque
307 1744 502 1799 lepores,
542 1745 587 1790 in
628 1746 821 1791 Platonis
861 1745 1085 1800 maingis,
1125 1754 1254 1799 atque
1296 1744 1344 1788 in

113 1816 421 1875 Aristophanis
456 1821 560 1865 adeo
604 1819 897 1876 Comoediis,
929 1830 1155 1876 torpeant:
1207 1819 1344 1874 magis

113 1897 240 1941 etiam
266 1896 563 1943 hehe-tessun
595 1900 640 1945 in
673 1899 956 1955 Philosophia
986 1909 1028 1943 et
1053 1897 1344 1949 Oratoribus,

114 1975 169 2018 ad
193 1974 412 2030 ingeniose
431 1974 544 2020 dicta
565 1987 640 2020 aut
672 1984 803 2020 acute
825 1976 1033 2021 conclusa
1055 1973 1349 2031 percipienda·

112 2052 381 2111 Quamquam
410 2064 532 2108 saepe
555 2053 861 2106 animadverti,
892 2053 1055 2108 maiore
1084 2051 1228 2095 labore
1264 2064 1340 2095 ne-

111 2133 292 2190 glectam
314 2145 492 2189 prosae,
523 2145 648 2188 quam
678 2132 945 2186 carminum,
975 2131 1200 2176 lectionem
1223 2142 1343 2185 repe·

113 2211 176 2255 ti:
210 2210 540 2266 hominemque,
568 2221 619 2255 ut
652 2204 725 2255 ita'
746 2211 915 2264 dicam,
945 2222 1056 2253 mere
1085 2209 1339 2264 prosaicum

111 2285 286 2331 facilius
305 2288 358 2331 ad
373 2285 594 2333 Poetarum
609 2320 624 2342 ,
645 2301 772 2344 quam
797 2302 908 2334 mere
928 2290 1142 2345 poeticum
1164 2291 1215 2332 ad
1237 2303 1340 2344 pro·

109 2377 184 2409 sae
227 2362 494 2420 Scriptorum
518 2398 535 2421 ‚
580 2368 904 2424 intelligentiam
952 2369 1185 2425 pervenire.
1257 2369 1343 2414 Sed

110 2442 309 2499 profecto
335 2454 566 2501 utrumque
587 2447 731 2491 eodem
755 2447 902 2491 studio
925 2458 1059 2503 genus
1077 2447 1339 2503 amplecten-

110 2520 214 2567 dum
248 2531 332 2569 est.
391 2522 481 2583 Qui
516 2525 642 2571 unice
674 2525 862 2570 earmina
885 2535 1139 2583 sectantur,
1178 2526 1341 2571 similes

727 2601 761 2648 P
789 2615 822 2659 4
1244 2611 1347 2651 aunt
