<?xml version="1.0" encoding="UTF-8"?>
<!DOCTYPE html PUBLIC "-//W3C//DTD XHTML 1.0 Transitional//EN"
    "http://www.w3.org/TR/xhtml1/DTD/xhtml1-transitional.dtd">
<html xmlns="http://www.w3.org/1999/xhtml" xml:lang="en" lang="en">
 <head>
  <title>
</title>
<meta http-equiv="Content-Type" content="text/html;charset=utf-8" />
  <meta name='ocr-system' content='tesseract 3.04.00' />
  <meta name='ocr-capabilities' content='ocr_page ocr_carea ocr_par ocr_line ocrx_word'/>
</head>
<body>
  <div class='ocr_page' id='page_1' title='image "./opusculavariiarg01wytt/opusculavariiarg01wytt_0213.png"; bbox 0 0 1624 3016; ppageno 0'>
   <div class='ocr_carea' id='block_1_1' title="bbox 270 159 1367 237">
    <p class='ocr_par' dir='ltr' id='par_1_1' title="bbox 270 159 1367 237">
     <span class='ocr_line' id='line_1_1' title="bbox 270 159 1367 237; baseline -0.001 -18"><span class='ocrx_word' id='word_1_1' title='bbox 270 164 604 234; x_wconf 69' lang='lat' dir='ltr'>tim-omas</span> <span class='ocrx_word' id='word_1_2' title='bbox 634 166 719 214; x_wconf 82' lang='lat' dir='ltr'>AD</span> <span class='ocrx_word' id='word_1_3' title='bbox 748 164 930 215; x_wconf 77' lang='lat' dir='ltr'>smn.</span> <span class='ocrx_word' id='word_1_4' title='bbox 961 159 1217 221; x_wconf 72' lang='lat' dir='ltr'>vm‘rur.</span> <span class='ocrx_word' id='word_1_5' title='bbox 1278 180 1367 237; x_wconf 73' lang='lat'>20²</span> 
     </span>
    </p>
   </div>
   <div class='ocr_carea' id='block_1_2' title="bbox 114 291 1374 2512">
    <p class='ocr_par' dir='ltr' id='par_1_2' title="bbox 114 291 1374 2512">
     <span class='ocr_line' id='line_1_2' title="bbox 129 291 1369 352; baseline -0.006 -5"><span class='ocrx_word' id='word_1_6' title='bbox 129 291 312 352; x_wconf 69' lang='lat' dir='ltr'>itionum</span> <span class='ocrx_word' id='word_1_7' title='bbox 337 298 403 342; x_wconf 88' lang='lat' dir='ltr'>de·</span> <span class='ocrx_word' id='word_1_8' title='bbox 419 296 548 340; x_wconf 89' lang='lat' dir='ltr'>rebus</span> <span class='ocrx_word' id='word_1_9' title='bbox 584 293 744 341; x_wconf 80' lang='lat' dir='ltr'>divinis</span> <span class='ocrx_word' id='word_1_10' title='bbox 777 302 820 337; x_wconf 85' lang='lat' dir='ltr'>et</span> <span class='ocrx_word' id='word_1_11' title='bbox 855 293 1053 340; x_wconf 79' lang='lat' dir='ltr'>humanis</span> <span class='ocrx_word' id='word_1_12' title='bbox 1070 324 1088 351; x_wconf 90' lang='lat'>,</span> <span class='ocrx_word' id='word_1_13' title='bbox 1118 294 1369 350; x_wconf 74' lang='lat' dir='ltr'>procliviu-</span> 
     </span>
     <span class='ocr_line' id='line_1_3' title="bbox 129 371 1370 436; baseline -0.002 -15"><span class='ocrx_word' id='word_1_14' title='bbox 129 382 216 425; x_wconf 76' lang='lat' dir='ltr'>tam</span> <span class='ocrx_word' id='word_1_15' title='bbox 250 377 303 421; x_wconf 85' lang='lat' dir='ltr'>ad</span> <span class='ocrx_word' id='word_1_16' title='bbox 336 373 718 429; x_wconf 85' lang='lat' dir='ltr'><strong>superstitionem,</strong></span> <span class='ocrx_word' id='word_1_17' title='bbox 758 371 962 416; x_wconf 81' lang='lat' dir='ltr'>desidiam</span> <span class='ocrx_word' id='word_1_18' title='bbox 997 373 1050 417; x_wconf 84' lang='lat' dir='ltr'>ad</span> <span class='ocrx_word' id='word_1_19' title='bbox 1083 373 1370 436; x_wconf 61' lang='lat' dir='ltr'>quaerendum¹</span> 
     </span>
     <span class='ocr_line' id='line_1_4' title="bbox 129 449 1368 509; baseline -0.002 -8"><span class='ocrx_word' id='word_1_20' title='bbox 129 465 313 508; x_wconf 79' lang='lat' dir='ltr'>verum,</span> <span class='ocrx_word' id='word_1_21' title='bbox 354 452 441 496; x_wconf 90' lang='lat' dir='ltr'>vim</span> <span class='ocrx_word' id='word_1_22' title='bbox 470 449 776 502; x_wconf 79' lang='lat' dir='ltr'>auctoritatis,</span> <span class='ocrx_word' id='word_1_23' title='bbox 808 450 1129 509; x_wconf 81' lang='lat' dir='ltr'>multitudinem</span> <span class='ocrx_word' id='word_1_24' title='bbox 1162 463 1368 498; x_wconf 85' lang='lat' dir='ltr'>errorum.</span> 
     </span>
     <span class='ocr_line' id='line_1_5' title="bbox 132 525 1372 586; baseline 0 -14"><span class='ocrx_word' id='word_1_25' title='bbox 132 529 464 586; x_wconf 70' lang='lat' dir='ltr'>Cognoscemus</span> <span class='ocrx_word' id='word_1_26' title='bbox 490 527 590 571; x_wconf 86' lang='lat' dir='ltr'>item</span> <span class='ocrx_word' id='word_1_27' title='bbox 620 525 916 568; x_wconf 82' lang='lat' dir='ltr'>excellentium</span> <span class='ocrx_word' id='word_1_28' title='bbox 939 525 1162 569; x_wconf 84' lang='lat' dir='ltr'>hominum</span> <span class='ocrx_word' id='word_1_29' title='bbox 1197 528 1372 583; x_wconf 80' lang='lat' dir='ltr'>ingenio</span> 
     </span>
     <span class='ocr_line' id='line_1_6' title="bbox 128 601 1374 662; baseline -0.007 -10"><span class='ocrx_word' id='word_1_30' title='bbox 128 609 366 662; x_wconf 83' lang='lat' dir='ltr'>studioque</span> <span class='ocrx_word' id='word_1_31' title='bbox 395 604 587 660; x_wconf 84' lang='lat' dir='ltr'>prolatas</span> <span class='ocrx_word' id='word_1_32' title='bbox 625 601 715 645; x_wconf 84' lang='lat' dir='ltr'>veri</span> <span class='ocrx_word' id='word_1_33' title='bbox 758 611 903 656; x_wconf 75' lang='lat' dir='ltr'>partes</span> <span class='ocrx_word' id='word_1_34' title='bbox 937 603 1110 648; x_wconf 82' lang='lat' dir='ltr'>multas.</span> <span class='ocrx_word' id='word_1_35' title='bbox 1171 602 1374 659; x_wconf 76' lang='lat' dir='ltr'>Reperie-</span> 
     </span>
     <span class='ocr_line' id='line_1_7' title="bbox 127 677 1372 743; baseline -0.005 -13"><span class='ocrx_word' id='word_1_36' title='bbox 127 692 258 737; x_wconf 81' lang='lat' dir='ltr'>mus,</span> <span class='ocrx_word' id='word_1_37' title='bbox 287 693 364 726; x_wconf 89' lang='lat' dir='ltr'>nec</span> <span class='ocrx_word' id='word_1_38' title='bbox 387 680 528 724; x_wconf 87' lang='lat' dir='ltr'>bonos</span> <span class='ocrx_word' id='word_1_39' title='bbox 559 677 676 743; x_wconf 66' lang='lat' dir='ltr'>omni</span> <span class='ocrx_word' id='word_1_40' title='bbox 699 677 838 732; x_wconf 75' lang='lat' dir='ltr'>vitiu,</span> <span class='ocrx_word' id='word_1_41' title='bbox 868 690 948 722; x_wconf 88' lang='lat' dir='ltr'>nee</span> <span class='ocrx_word' id='word_1_42' title='bbox 971 678 1108 723; x_wconf 85' lang='lat' dir='ltr'>malos</span> <span class='ocrx_word' id='word_1_43' title='bbox 1131 680 1249 724; x_wconf 90' lang='lat' dir='ltr'>omni</span> <span class='ocrx_word' id='word_1_44' title='bbox 1271 680 1372 724; x_wconf 90' lang='lat' dir='ltr'>Vir·</span> 
     </span>
     <span class='ocr_line' id='line_1_8' title="bbox 129 755 1373 814; baseline -0.002 -10"><span class='ocrx_word' id='word_1_45' title='bbox 129 769 254 814; x_wconf 80' lang='lat' dir='ltr'>tute,</span> <span class='ocrx_word' id='word_1_46' title='bbox 285 768 457 803; x_wconf 74' lang='lat' dir='ltr'>careret</span> <span class='ocrx_word' id='word_1_47' title='bbox 488 755 696 801; x_wconf 88' lang='lat' dir='ltr'>neminem</span> <span class='ocrx_word' id='word_1_48' title='bbox 721 765 878 810; x_wconf 85' lang='lat' dir='ltr'>sponte</span> <span class='ocrx_word' id='word_1_49' title='bbox 911 766 1006 800; x_wconf 85' lang='lat' dir='ltr'>esse</span> <span class='ocrx_word' id='word_1_50' title='bbox 1030 757 1215 801; x_wconf 88' lang='lat' dir='ltr'>malum:</span> <span class='ocrx_word' id='word_1_51' title='bbox 1250 756 1373 803; x_wconf 79' lang='lat' dir='ltr'>initia</span> 
     </span>
     <span class='ocr_line' id='line_1_9' title="bbox 128 833 1372 890; baseline -0.003 -7"><span class='ocrx_word' id='word_1_52' title='bbox 128 838 334 883; x_wconf 83' lang='lat' dir='ltr'>vitiorum</span> <span class='ocrx_word' id='word_1_53' title='bbox 369 833 542 890; x_wconf 82' lang='lat' dir='ltr'>saepius</span> <span class='ocrx_word' id='word_1_54' title='bbox 578 833 626 877; x_wconf 85' lang='lat' dir='ltr'>in</span> <span class='ocrx_word' id='word_1_55' title='bbox 658 845 764 877; x_wconf 85' lang='lat' dir='ltr'>casu</span> <span class='ocrx_word' id='word_1_56' title='bbox 797 842 839 878; x_wconf 89' lang='lat' dir='ltr'>et</span> <span class='ocrx_word' id='word_1_57' title='bbox 873 844 1052 879; x_wconf 78' lang='lat' dir='ltr'>externo</span> <span class='ocrx_word' id='word_1_58' title='bbox 1087 845 1202 879; x_wconf 86' lang='lat' dir='ltr'>statu</span> <span class='ocrx_word' id='word_1_59' title='bbox 1229 835 1372 880; x_wconf 81' lang='lat' dir='ltr'>bomi-</span> 
     </span>
     <span class='ocr_line' id='line_1_10' title="bbox 130 910 1371 969; baseline -0.003 -9"><span class='ocrx_word' id='word_1_60' title='bbox 130 915 203 968; x_wconf 79' lang='lat' dir='ltr'>nis</span> <span class='ocrx_word' id='word_1_61' title='bbox 228 913 371 969; x_wconf 86' lang='lat' dir='ltr'>posita</span> <span class='ocrx_word' id='word_1_62' title='bbox 385 942 402 967; x_wconf 92' lang='lat'>,</span> <span class='ocrx_word' id='word_1_63' title='bbox 433 911 594 967; x_wconf 81' lang='lat' dir='ltr'>quibus</span> <span class='ocrx_word' id='word_1_64' title='bbox 617 923 707 956; x_wconf 87' lang='lat' dir='ltr'>non</span> <span class='ocrx_word' id='word_1_65' title='bbox 729 910 1040 958; x_wconf 77' lang='lat' dir='ltr'>animadversis</span> <span class='ocrx_word' id='word_1_66' title='bbox 1063 923 1263 967; x_wconf 85' lang='lat' dir='ltr'>praeceps</span> <span class='ocrx_word' id='word_1_67' title='bbox 1293 910 1371 956; x_wconf 78' lang='lat' dir='ltr'>fiat</span> 
     </span>
     <span class='ocr_line' id='line_1_11' title="bbox 129 987 1371 1048; baseline -0.002 -12"><span class='ocrx_word' id='word_1_68' title='bbox 129 990 281 1048; x_wconf 82' lang='lat' dir='ltr'>lapsus</span> <span class='ocrx_word' id='word_1_69' title='bbox 312 991 366 1035; x_wconf 88' lang='lat' dir='ltr'>ad</span> <span class='ocrx_word' id='word_1_70' title='bbox 397 1001 567 1035; x_wconf 86' lang='lat' dir='ltr'>omnem</span> <span class='ocrx_word' id='word_1_71' title='bbox 590 987 885 1044; x_wconf 70' lang='lat' dir='ltr'>pravitatem:</span> <span class='ocrx_word' id='word_1_72' title='bbox 918 988 973 1034; x_wconf 81' lang='lat' dir='ltr'>ad</span> <span class='ocrx_word' id='word_1_73' title='bbox 995 988 1166 1034; x_wconf 86' lang='lat' dir='ltr'>initium</span> <span class='ocrx_word' id='word_1_74' title='bbox 1193 1000 1371 1044; x_wconf 82' lang='lat' dir='ltr'>quoque</span> 
     </span>
     <span class='ocr_line' id='line_1_12' title="bbox 130 1063 1368 1122; baseline -0.001 -12"><span class='ocrx_word' id='word_1_75' title='bbox 130 1066 181 1120; x_wconf 60' lang='lat' dir='ltr'>ac</span> <span class='ocrx_word' id='word_1_76' title='bbox 202 1076 479 1122; x_wconf 84' lang='lat' dir='ltr'>progressum</span> <span class='ocrx_word' id='word_1_77' title='bbox 508 1063 693 1108; x_wconf 87' lang='lat' dir='ltr'>Virtutis</span> <span class='ocrx_word' id='word_1_78' title='bbox 719 1064 903 1109; x_wconf 85' lang='lat' dir='ltr'>multum</span> <span class='ocrx_word' id='word_1_79' title='bbox 930 1064 1069 1111; x_wconf 74' lang='lat' dir='ltr'>valere</span> <span class='ocrx_word' id='word_1_80' title='bbox 1098 1063 1368 1110; x_wconf 81' lang='lat' dir='ltr'>felicitatem.</span> 
     </span>
     <span class='ocr_line' id='line_1_13' title="bbox 127 1124 1367 1198; baseline -0.003 -9"><span class='ocrx_word' id='word_1_81' title='bbox 127 1144 246 1192; x_wconf 80' lang='lat' dir='ltr'>Haec</span> <span class='ocrx_word' id='word_1_82' title='bbox 272 1142 347 1197; x_wconf 87' lang='lat' dir='ltr'>qui</span> <span class='ocrx_word' id='word_1_83' title='bbox 383 1140 580 1198; x_wconf 81' lang='lat' dir='ltr'>diligenti</span> <span class='ocrx_word' id='word_1_84' title='bbox 616 1140 839 1184; x_wconf 83' lang='lat' dir='ltr'>Historiae</span> <span class='ocrx_word' id='word_1_85' title='bbox 863 1124 1124 1188; x_wconf 77' lang='lat' dir='ltr'>tractatione</span> <span class='ocrx_word' id='word_1_86' title='bbox 1148 1153 1367 1198; x_wconf 83' lang='lat' dir='ltr'>cognove-</span> 
     </span>
     <span class='ocr_line' id='line_1_14' title="bbox 126 1216 1364 1276; baseline -0.001 -9"><span class='ocrx_word' id='word_1_87' title='bbox 126 1222 214 1276; x_wconf 82' lang='lat' dir='ltr'>rit,</span> <span class='ocrx_word' id='word_1_88' title='bbox 245 1220 425 1264; x_wconf 82' lang='lat' dir='ltr'>aliorum</span> <span class='ocrx_word' id='word_1_89' title='bbox 451 1229 493 1263; x_wconf 92' lang='lat' dir='ltr'>et</span> <span class='ocrx_word' id='word_1_90' title='bbox 518 1219 762 1263; x_wconf 76' lang='lat' dir='ltr'>dissensum</span> <span class='ocrx_word' id='word_1_91' title='bbox 787 1218 926 1263; x_wconf 85' lang='lat' dir='ltr'>lenius</span> <span class='ocrx_word' id='word_1_92' title='bbox 955 1216 1091 1274; x_wconf 70' lang='lat' dir='ltr'>feret,</span> <span class='ocrx_word' id='word_1_93' title='bbox 1119 1230 1162 1263; x_wconf 85' lang='lat' dir='ltr'>et</span> <span class='ocrx_word' id='word_1_94' title='bbox 1184 1219 1364 1276; x_wconf 79' lang='lat' dir='ltr'>injurias</span> 
     </span>
     <span class='ocr_line' id='line_1_15' title="bbox 126 1296 1368 1358; baseline 0.001 -15"><span class='ocrx_word' id='word_1_95' title='bbox 126 1297 405 1358; x_wconf 77' lang='lat' dir='ltr'>placabilius.</span> <span class='ocrx_word' id='word_1_96' title='bbox 467 1296 628 1342; x_wconf 85' lang='lat' dir='ltr'>Videns</span> <span class='ocrx_word' id='word_1_97' title='bbox 666 1296 880 1340; x_wconf 86' lang='lat' dir='ltr'>hominem</span> <span class='ocrx_word' id='word_1_98' title='bbox 915 1297 1130 1341; x_wconf 87' lang='lat' dir='ltr'>erroribus</span> <span class='ocrx_word' id='word_1_99' title='bbox 1158 1298 1368 1352; x_wconf 80' lang='lat' dir='ltr'>vitiisque</span> 
     </span>
     <span class='ocr_line' id='line_1_16' title="bbox 127 1375 1368 1431; baseline -0.001 -7"><span class='ocrx_word' id='word_1_100' title='bbox 127 1377 345 1430; x_wconf 85' lang='lat' dir='ltr'>deditum,</span> <span class='ocrx_word' id='word_1_101' title='bbox 375 1389 400 1421; x_wconf 80' lang='grc' dir='ltr'>ι</span> <span class='ocrx_word' id='word_1_102' title='bbox 434 1375 601 1430; x_wconf 79' lang='lat' dir='ltr'>quibus</span> <span class='ocrx_word' id='word_1_103' title='bbox 626 1375 720 1431; x_wconf 82' lang='lat' dir='ltr'>ipse</span> <span class='ocrx_word' id='word_1_104' title='bbox 753 1376 811 1420; x_wconf 85' lang='lat' dir='ltr'>sit</span> <span class='ocrx_word' id='word_1_105' title='bbox 843 1377 1081 1431; x_wconf 87' lang='lat' dir='ltr'>immunis,</span> <span class='ocrx_word' id='word_1_106' title='bbox 1111 1390 1199 1423; x_wconf 86' lang='lat' dir='ltr'>non</span> <span class='ocrx_word' id='word_1_107' title='bbox 1234 1391 1279 1422; x_wconf 88' lang='lat' dir='ltr'>se</span> <span class='ocrx_word' id='word_1_108' title='bbox 1301 1378 1368 1423; x_wconf 81' lang='lat' dir='ltr'>ef-</span> 
     </span>
     <span class='ocr_line' id='line_1_17' title="bbox 127 1452 1364 1509; baseline -0.002 -7"><span class='ocrx_word' id='word_1_109' title='bbox 127 1455 262 1508; x_wconf 83' lang='lat' dir='ltr'>feret,</span> <span class='ocrx_word' id='word_1_110' title='bbox 301 1454 377 1499; x_wconf 83' lang='lat' dir='ltr'>sed</span> <span class='ocrx_word' id='word_1_111' title='bbox 409 1453 464 1499; x_wconf 86' lang='lat' dir='ltr'>ad</span> <span class='ocrx_word' id='word_1_112' title='bbox 497 1453 685 1497; x_wconf 79' lang='lat' dir='ltr'>animum</span> <span class='ocrx_word' id='word_1_113' title='bbox 733 1452 828 1509; x_wconf 83' lang='lat' dir='ltr'>ipse</span> <span class='ocrx_word' id='word_1_114' title='bbox 867 1466 995 1498; x_wconf 85' lang='lat' dir='ltr'>suum</span> <span class='ocrx_word' id='word_1_115' title='bbox 1041 1453 1269 1509; x_wconf 71' lang='lat' dir='ltr'>respiciet,</span> <span class='ocrx_word' id='word_1_116' title='bbox 1306 1466 1364 1500; x_wconf 83' lang='lat' dir='ltr'>an</span> 
     </span>
     <span class='ocr_line' id='line_1_18' title="bbox 125 1518 1365 1587; baseline 0.002 -10"><span class='ocrx_word' id='word_1_117' title='bbox 125 1518 243 1577; x_wconf 75' lang='lat' dir='ltr'>forte</span> <span class='ocrx_word' id='word_1_118' title='bbox 273 1529 403 1577; x_wconf 81' lang='lat' dir='ltr'>simili</span> <span class='ocrx_word' id='word_1_119' title='bbox 434 1529 576 1577; x_wconf 74' lang='lat' dir='ltr'>aliove</span> <span class='ocrx_word' id='word_1_120' title='bbox 603 1529 769 1575; x_wconf 87' lang='lat' dir='ltr'>laboret</span> <span class='ocrx_word' id='word_1_121' title='bbox 797 1530 926 1576; x_wconf 79' lang='lat' dir='ltr'>malo.</span> <span class='ocrx_word' id='word_1_122' title='bbox 986 1529 1243 1587; x_wconf 84' lang='lat' dir='ltr'>Cogitabit,</span> <span class='ocrx_word' id='word_1_123' title='bbox 1273 1543 1365 1579; x_wconf 79' lang='lat' dir='ltr'>non</span> 
     </span>
     <span class='ocr_line' id='line_1_19' title="bbox 127 1607 1365 1666; baseline -0.002 -10"><span class='ocrx_word' id='word_1_124' title='bbox 127 1621 232 1656; x_wconf 76' lang='lat' dir='ltr'>cum</span> <span class='ocrx_word' id='word_1_125' title='bbox 263 1608 466 1666; x_wconf 70' lang='lat' dir='ltr'>perfectis</span> <span class='ocrx_word' id='word_1_126' title='bbox 494 1607 587 1652; x_wconf 84' lang='lat' dir='ltr'>vivi</span> <span class='ocrx_word' id='word_1_127' title='bbox 614 1607 893 1663; x_wconf 86' lang='lat' dir='ltr'>hominibus,</span> <span class='ocrx_word' id='word_1_128' title='bbox 923 1608 1030 1662; x_wconf 82' lang='lat' dir='ltr'>sed,</span> <span class='ocrx_word' id='word_1_129' title='bbox 1064 1620 1111 1654; x_wconf 89' lang='lat' dir='ltr'>ut</span> <span class='ocrx_word' id='word_1_130' title='bbox 1141 1609 1201 1653; x_wconf 80' lang='lat' dir='ltr'>ait</span> <span class='ocrx_word' id='word_1_131' title='bbox 1234 1610 1365 1656; x_wconf 80' lang='lat' dir='ltr'>Cice·</span> 
     </span>
     <span class='ocr_line' id='line_1_20' title="bbox 122 1686 1362 1746; baseline -0.004 -11"><span class='ocrx_word' id='word_1_132' title='bbox 122 1698 207 1742; x_wconf 73' lang='lat' dir='ltr'>ro,</span> <span class='ocrx_word' id='word_1_133' title='bbox 237 1699 337 1732; x_wconf 87' lang='lat' dir='ltr'>cum</span> <span class='ocrx_word' id='word_1_134' title='bbox 372 1686 539 1742; x_wconf 78' lang='lat' dir='ltr'>quibus</span> <span class='ocrx_word' id='word_1_135' title='bbox 569 1687 781 1741; x_wconf 77' lang='lat' dir='ltr'>praeclare</span> <span class='ocrx_word' id='word_1_136' title='bbox 802 1687 972 1746; x_wconf 76' lang='lat' dir='ltr'>agitur,</span> <span class='ocrx_word' id='word_1_137' title='bbox 1003 1687 1041 1730; x_wconf 77' lang='lat' dir='ltr'>si</span> <span class='ocrx_word' id='word_1_138' title='bbox 1069 1687 1199 1731; x_wconf 85' lang='lat' dir='ltr'>modo</span> <span class='ocrx_word' id='word_1_139' title='bbox 1223 1686 1362 1730; x_wconf 85' lang='lat' dir='ltr'>simu-</span> 
     </span>
     <span class='ocr_line' id='line_1_21' title="bbox 123 1761 1364 1818; baseline -0.002 -9"><span class='ocrx_word' id='word_1_140' title='bbox 123 1764 238 1809; x_wconf 74' lang='lat' dir='ltr'>lacn</span> <span class='ocrx_word' id='word_1_141' title='bbox 273 1763 361 1807; x_wconf 81' lang='lat' dir='ltr'>sint</span> <span class='ocrx_word' id='word_1_142' title='bbox 389 1761 597 1809; x_wconf 81' lang='lat' dir='ltr'>Virtutis.</span> <span class='ocrx_word' id='word_1_143' title='bbox 672 1763 861 1808; x_wconf 82' lang='lat' dir='ltr'>Humani</span> <span class='ocrx_word' id='word_1_144' title='bbox 893 1763 1052 1818; x_wconf 87' lang='lat' dir='ltr'>ingenii</span> <span class='ocrx_word' id='word_1_145' title='bbox 1093 1763 1364 1808; x_wconf 77' lang='lat' dir='ltr'>imbecillita-</span> 
     </span>
     <span class='ocr_line' id='line_1_22' title="bbox 121 1838 1363 1895; baseline -0.001 -11"><span class='ocrx_word' id='word_1_146' title='bbox 121 1848 207 1888; x_wconf 87' lang='lat' dir='ltr'>tem</span> <span class='ocrx_word' id='word_1_147' title='bbox 238 1851 290 1883; x_wconf 87' lang='lat' dir='ltr'>ex</span> <span class='ocrx_word' id='word_1_148' title='bbox 317 1848 420 1882; x_wconf 85' lang='lat' dir='ltr'>vero</span> <span class='ocrx_word' id='word_1_149' title='bbox 443 1838 704 1884; x_wconf 76' lang='lat' dir='ltr'>aestimabit.</span> <span class='ocrx_word' id='word_1_150' title='bbox 766 1838 873 1890; x_wconf 79' lang='lat' dir='ltr'>Non</span> <span class='ocrx_word' id='word_1_151' title='bbox 893 1851 941 1883; x_wconf 88' lang='lat' dir='ltr'>se</span> <span class='ocrx_word' id='word_1_152' title='bbox 965 1839 1144 1885; x_wconf 85' lang='lat' dir='ltr'>nimium</span> <span class='ocrx_word' id='word_1_153' title='bbox 1171 1840 1363 1895; x_wconf 86' lang='lat' dir='ltr'>amabit,</span> 
     </span>
     <span class='ocr_line' id='line_1_23' title="bbox 119 1916 1362 1972; baseline 0 -11"><span class='ocrx_word' id='word_1_154' title='bbox 119 1929 172 1962; x_wconf 89' lang='lat' dir='ltr'>ut</span> <span class='ocrx_word' id='word_1_155' title='bbox 201 1918 335 1963; x_wconf 86' lang='lat' dir='ltr'>aliena</span> <span class='ocrx_word' id='word_1_156' title='bbox 365 1925 408 1960; x_wconf 90' lang='lat' dir='ltr'>et</span> <span class='ocrx_word' id='word_1_157' title='bbox 442 1925 582 1961; x_wconf 82' lang='lat' dir='ltr'>vetera</span> <span class='ocrx_word' id='word_1_158' title='bbox 607 1928 708 1972; x_wconf 82' lang='lat' dir='ltr'>prae</span> <span class='ocrx_word' id='word_1_159' title='bbox 732 1916 828 1961; x_wconf 84' lang='lat' dir='ltr'>suis</span> <span class='ocrx_word' id='word_1_160' title='bbox 854 1927 896 1961; x_wconf 89' lang='lat' dir='ltr'>et</span> <span class='ocrx_word' id='word_1_161' title='bbox 921 1917 1140 1962; x_wconf 83' lang='lat' dir='ltr'>hodiernis</span> <span class='ocrx_word' id='word_1_162' title='bbox 1165 1929 1362 1961; x_wconf 88' lang='lat' dir='ltr'>contem-</span> 
     </span>
     <span class='ocr_line' id='line_1_24' title="bbox 117 1993 1359 2050; baseline 0 -11"><span class='ocrx_word' id='word_1_163' title='bbox 117 2006 209 2043; x_wconf 86' lang='lat' dir='ltr'>nat.</span> <span class='ocrx_word' id='word_1_164' title='bbox 269 1994 374 2038; x_wconf 89' lang='lat' dir='ltr'>Non</span> <span class='ocrx_word' id='word_1_165' title='bbox 405 2002 569 2037; x_wconf 72' lang='lat' dir='ltr'>veteres</span> <span class='ocrx_word' id='word_1_166' title='bbox 600 1993 833 2048; x_wconf 76' lang='lat' dir='ltr'>sapientiae</span> <span class='ocrx_word' id='word_1_167' title='bbox 857 1994 1056 2038; x_wconf 81' lang='lat' dir='ltr'>doctores</span> <span class='ocrx_word' id='word_1_168' title='bbox 1080 2007 1231 2039; x_wconf 83' lang='lat' dir='ltr'>caecos</span> <span class='ocrx_word' id='word_1_169' title='bbox 1255 2007 1359 2050; x_wconf 83' lang='lat' dir='ltr'>gen-</span> 
     </span>
     <span class='ocr_line' id='line_1_25' title="bbox 115 2070 1360 2125; baseline -0.002 -5"><span class='ocrx_word' id='word_1_170' title='bbox 115 2074 217 2120; x_wconf 87' lang='lat' dir='ltr'>tiles</span> <span class='ocrx_word' id='word_1_171' title='bbox 247 2070 518 2124; x_wconf 80' lang='lat' dir='ltr'>nominabit,</span> <span class='ocrx_word' id='word_1_172' title='bbox 549 2080 628 2114; x_wconf 84' lang='lat' dir='ltr'>nec</span> <span class='ocrx_word' id='word_1_173' title='bbox 663 2082 740 2113; x_wconf 88' lang='lat' dir='ltr'>eos</span> <span class='ocrx_word' id='word_1_174' title='bbox 782 2070 868 2116; x_wconf 84' lang='lat' dir='ltr'>levi</span> <span class='ocrx_word' id='word_1_175' title='bbox 894 2071 1050 2115; x_wconf 85' lang='lat' dir='ltr'>erroris</span> <span class='ocrx_word' id='word_1_176' title='bbox 1074 2071 1255 2125; x_wconf 84' lang='lat' dir='ltr'>vitiique</span> <span class='ocrx_word' id='word_1_177' title='bbox 1283 2085 1360 2117; x_wconf 88' lang='lat' dir='ltr'>su·</span> 
     </span>
     <span class='ocr_line' id='line_1_26' title="bbox 119 2147 1356 2206; baseline -0.001 -11"><span class='ocrx_word' id='word_1_178' title='bbox 119 2150 317 2206; x_wconf 85' lang='lat' dir='ltr'>spicione</span> <span class='ocrx_word' id='word_1_179' title='bbox 337 2149 497 2191; x_wconf 88' lang='lat' dir='ltr'>ductus</span> <span class='ocrx_word' id='word_1_180' title='bbox 535 2147 866 2201; x_wconf 86' lang='lat' dir='ltr'>condemnabit,</span> <span class='ocrx_word' id='word_1_181' title='bbox 895 2158 939 2192; x_wconf 91' lang='lat' dir='ltr'>et</span> <span class='ocrx_word' id='word_1_182' title='bbox 974 2148 1192 2204; x_wconf 86' lang='lat' dir='ltr'>pueriliter</span> <span class='ocrx_word' id='word_1_183' title='bbox 1222 2149 1274 2192; x_wconf 89' lang='lat' dir='ltr'>de</span> <span class='ocrx_word' id='word_1_184' title='bbox 1300 2149 1356 2194; x_wconf 89' lang='lat' dir='ltr'>iis</span> 
     </span>
     <span class='ocr_line' id='line_1_27' title="bbox 120 2224 1354 2284; baseline -0.001 -14"><span class='ocrx_word' id='word_1_185' title='bbox 120 2226 247 2282; x_wconf 87' lang='lat' dir='ltr'>quasi</span> <span class='ocrx_word' id='word_1_186' title='bbox 277 2224 593 2280; x_wconf 85' lang='lat' dir='ltr'>triumphabit;</span> <span class='ocrx_word' id='word_1_187' title='bbox 626 2235 675 2269; x_wconf 89' lang='lat' dir='ltr'>ut</span> <span class='ocrx_word' id='word_1_188' title='bbox 706 2224 804 2269; x_wconf 85' lang='lat' dir='ltr'>aliis</span> <span class='ocrx_word' id='word_1_189' title='bbox 834 2225 1098 2270; x_wconf 86' lang='lat' dir='ltr'>miserandus</span> <span class='ocrx_word' id='word_1_190' title='bbox 1125 2224 1354 2284; x_wconf 82' lang='lat' dir='ltr'>videatur,</span> 
     </span>
     <span class='ocr_line' id='line_1_28' title="bbox 117 2301 1356 2366; baseline -0.003 -18"><span class='ocrx_word' id='word_1_191' title='bbox 117 2314 335 2359; x_wconf 85' lang='lat' dir='ltr'>tamquam</span> <span class='ocrx_word' id='word_1_192' title='bbox 383 2313 525 2347; x_wconf 89' lang='lat' dir='ltr'>mente</span> <span class='ocrx_word' id='word_1_193' title='bbox 563 2313 750 2358; x_wconf 81' lang='lat' dir='ltr'>captus:</span> <span class='ocrx_word' id='word_1_194' title='bbox 793 2302 890 2346; x_wconf 85' lang='lat' dir='ltr'>aliis</span> <span class='ocrx_word' id='word_1_195' title='bbox 923 2301 1204 2366; x_wconf 76' lang='lat' dir='ltr'>deridendus,</span> <span class='ocrx_word' id='word_1_196' title='bbox 1247 2311 1356 2345; x_wconf 86' lang='lat' dir='ltr'>tam-</span> 
     </span>
     <span class='ocr_line' id='line_1_29' title="bbox 120 2378 1356 2438; baseline -0.006 -9"><span class='ocrx_word' id='word_1_197' title='bbox 120 2394 249 2438; x_wconf 79' lang='lat' dir='ltr'>quam</span> <span class='ocrx_word' id='word_1_198' title='bbox 285 2381 422 2436; x_wconf 81' lang='lat' dir='ltr'>gallus</span> <span class='ocrx_word' id='word_1_199' title='bbox 460 2381 722 2437; x_wconf 84' lang='lat' dir='ltr'>gallinaceus</span> <span class='ocrx_word' id='word_1_200' title='bbox 748 2379 843 2425; x_wconf 90' lang='lat' dir='ltr'>sine</span> <span class='ocrx_word' id='word_1_201' title='bbox 861 2378 1103 2424; x_wconf 76' lang='lat' dir='ltr'>adversario</span> <span class='ocrx_word' id='word_1_202' title='bbox 1126 2379 1356 2431; x_wconf 78' lang='lat' dir='ltr'>exultans,</span> 
     </span>
     <span class='ocr_line' id='line_1_30' title="bbox 114 2455 1357 2512; baseline -0.003 -9"><span class='ocrx_word' id='word_1_203' title='bbox 114 2468 159 2504; x_wconf 81' lang='lat' dir='ltr'>et</span> <span class='ocrx_word' id='word_1_204' title='bbox 194 2459 238 2503; x_wconf 88' lang='lat' dir='ltr'>in</span> <span class='ocrx_word' id='word_1_205' title='bbox 281 2459 481 2503; x_wconf 84' lang='lat' dir='ltr'>barbarae</span> <span class='ocrx_word' id='word_1_206' title='bbox 521 2458 744 2503; x_wconf 88' lang='lat' dir='ltr'>doctrinae</span> <span class='ocrx_word' id='word_1_207' title='bbox 765 2488 783 2511; x_wconf 93' lang='lat'>,</span> <span class='ocrx_word' id='word_1_208' title='bbox 821 2457 1000 2511; x_wconf 84' lang='lat' dir='ltr'>veluti,</span> <span class='ocrx_word' id='word_1_209' title='bbox 1042 2455 1357 2512; x_wconf 87' lang='lat' dir='ltr'>sterquilinio,</span> 
     </span>
    </p>
   </div>
   <div class='ocr_carea' id='block_1_3' title="bbox 110 2533 1410 2664">
    <p class='ocr_par' dir='ltr' id='par_1_3' title="bbox 110 2533 1410 2664">
     <span class='ocr_line' id='line_1_31' title="bbox 110 2533 1410 2604; baseline -0.008 -21"><span class='ocrx_word' id='word_1_210' title='bbox 110 2536 247 2595; x_wconf 70' lang='lat' dir='ltr'>gradu</span> <span class='ocrx_word' id='word_1_211' title='bbox 279 2536 482 2582; x_wconf 80' lang='lat' dir='ltr'>incedens</span> <span class='ocrx_word' id='word_1_212' title='bbox 517 2535 704 2593; x_wconf 86' lang='lat' dir='ltr'>superbo</span> <span class='ocrx_word' id='word_1_213' title='bbox 730 2546 781 2580; x_wconf 84' lang='lat' dir='ltr'>ac</span> <span class='ocrx_word' id='word_1_214' title='bbox 813 2533 1040 2598; x_wconf 76' lang='lat' dir='ltr'>victoriam</span> <span class='ocrx_word' id='word_1_215' title='bbox 1059 2543 1237 2576; x_wconf 81' lang='lat' dir='ltr'>canens.</span> <span class='ocrx_word' id='word_1_216' title='bbox 1403 2596 1410 2604; x_wconf 34' lang='lat'><strong>·</strong></span> 
     </span>
     <span class='ocr_line' id='line_1_32' title="bbox 1230 2607 1358 2664; baseline -0.016 -11"><span class='ocrx_word' id='word_1_217' title='bbox 1230 2607 1358 2664; x_wconf 82' lang='lat' dir='ltr'>Mag·</span> 
     </span>
    </p>
   </div>
   <div class='ocr_carea' id='block_1_4' title="bbox 119 2661 137 2684">
    <p class='ocr_par' dir='ltr' id='par_1_4' title="bbox 119 2661 137 2684">
     <span class='ocr_line' id='line_1_33' title="bbox 119 2661 137 2684; baseline 0 -17"><span class='ocrx_word' id='word_1_218' title='bbox 119 2661 137 2684; x_wconf 37' lang='grc' dir='ltr'><strong><em>τ</em></strong></span> 
     </span>
    </p>
   </div>
  </div>
 </body>
</html>
