1624 3016
323 117 654 192 m'srotuAe
684 142 766 189 An
797 141 976 190 swo.
1005 131 1258 190 vnt'wr.
1329 115 1431 201 212³

183 269 387 322 materia,
427 281 505 314 nec
538 269 732 313 materiae
772 267 997 323 cognitio,
1037 280 1238 325 umquam
1275 265 1412 312 deest.

183 347 265 393 Per
307 348 416 395 hanc
458 347 624 394 animus
669 356 816 389 noster
850 344 1251 400 contemplationem
1286 339 1415 401 quasi

185 426 387 480 procule
418 424 600 470 tenebris
634 427 769 469 lucem
805 421 1053 491 conspicit,
1083 422 1135 467 ad
1161 416 1287 476 quam
1317 435 1415 467 cur-

184 517 284 549 sum
307 502 512 564 dirigat3
521 503 563 545 in
595 502 800 545 fluctibus
826 502 967 544 locum
992 509 1175 552 nactus,
1206 499 1282 543 ubi
1307 490 1417 544 con·

184 582 341 635 metat,
360 569 569 642 erigitur.
602 577 789 622 extendit
823 590 868 621 se
894 576 1076 620 inillam
1103 577 1323 630 regionum
1349 590 1415 621 se·

181 653 466 729 colorumque
483 654 800 700 'aeternitatem
835 666 881 697 se
913 653 1007 709 ipse
1035 653 1170 710 major
1200 654 1417 709 altiorque

180 727 257 778 fit.
290 731 490 813 intelligit
523 743 569 778 se
593 730 724 785 hujus
755 730 867 774 vitae
897 729 1160 786 provinciam
1190 743 1244 775 ac
1268 744 1420 788 perso·

178 823 276 857 „am
319 804 441 868 ‘agere
480 804 720 866 spectatore
757 819 804 850 ac
834 805 983 865 Judice
1010 808 1256 853 certaminis
1288 808 1415 864 Deo,

176 889 284 956 qui,
314 874 463 936 omnes
487 887 533 933 in
571 887 650 931 hac
673 889 803 932 scena
835 895 1002 932 actores
1027 885 1191 940 aequali
1223 887 1415 942 comple-

173 975 296 1011 cteus
328 963 720 1016 animadversione,
753 974 843 1008 non
877 961 1007 1007 alium
1046 959 1132 1007 alio
1164 964 1297 1019 magis
1330 963 1413 1007 mi-

173 1057 313 1092 nusve
347 1051 468 1088 curet
500 1053 630 1098 atque
665 1043 878 1087 observet.
948 1038 1087 1096 Igitur
1121 1051 1198 1085 nec
1230 1052 1277 1086 ae
1309 1039 1410 1097 ipse

173 1133 274 1180 prae
299 1120 395 1164 aliis
415 1130 489 1166 aut
516 1116 659 1171 effert,
684 1127 757 1162 aut
775 1116 992 1164 demittit:
1015 1130 1092 1162 nec
1117 1129 1163 1162 se
1184 1120 1247 1162 vel
1268 1117 1405 1176 jactat

176 1199 302 1259 quasi
327 1207 491 1255 praeter
510 1205 699 1244 caeteros
726 1209 750 1239 a
779 1194 872 1241 Deo
903 1191 1133 1250 dilectum,
1164 1195 1231 1240 vel
1261 1194 1409 1250 qucri-

163 1286 242 1337 ‚tur
274 1274 398 1333 quasi
438 1274 695 1331 neglectum.
768 1274 915 1327 Atque
951 1274 1028 1316 hac
1066 1269 1318 1316 inductione
1357 1281 1403 1317 et

166 1349 478 1409 anticipatione
524 1348 731 1405 praecipit
771 1346 962 1394 futuram
1006 1348 1402 1398 immortalitatem2

164 1430 298 1478 sentit
333 1441 379 1476 se
409 1426 573 1491 nonin
595 1426 726 1486 liujus
752 1426 864 1471 vitae
895 1426 1118 1484 angustias
1143 1427 1398 1485 inclusum,

161 1521 338 1556 cursum
370 1520 411 1554 et
444 1508 525 1557 iter
548 1507 788 1557 animorum
830 1507 943 1569 ultra
973 1505 1173 1564 corporis
1206 1504 1293 1553 sata
1322 1520 1402 1562 pa·

158 1598 247 1635 tere
274 1587 319 1632 in
350 1587 568 1643 sequentis
603 1586 695 1631 aevi
721 1585 1045 1641 aeternitatem,
1074 1583 1119 1631 in
1141 1588 1228 1644 qua
1262 1595 1403 1633 certu

159 1664 288 1712 minis
313 1665 499 1723 praemia
521 1665 708 1720 reposita
731 1665 838 1709 sint.
883 1662 993 1712 Vere
1010 1663 1112 1711 mihi
1137 1663 1286 1709 videor
1307 1664 1397 1710 hoc

160 1755 255 1798 esse
283 1744 510 1798 dictutus,
539 1743 772 1788 Auditores
798 1741 1139 1799 Hutuauiasirni⁹
1169 1744 1221 1786 ad
1246 1754 1391 1787 veram

155 1818 356 1879 ‘pietatem
375 1818 423 1875 in
450 1819 602 1876 primia
622 1820 761 1866 valere
790 1817 1048 1864 Historiam.
1112 1814 1227 1863 Ha'ec
1250 1817 1395 1875 ipsam

157 1895 408 1957 corroborat
426 1894 751 1952 Philosophiam
770 1927 786 1951 ‚
816 1895 999 1956 eJusque
1031 1894 1270 1953 praeceptis
1294 1894 1387 1941 vim

158 1962 630 2030 vitamque'adjungit.
700 1971 876 2017 Pietatis
907 1971 1231 2021 fundamentum
1266 1971 1394 2029 posi.

156 2061 248 2096 tum
275 2062 341 2095 est
374 2050 416 2094 in
454 2050 632 2096 scientia
654 2059 696 2094 et
720 2050 840 2097 firma
865 2051 1143 2106 persuasione
1173 2051 1302 2095 animi
1335 2052 1390 2100 de

152 2123 313 2176 Divina'
338 2128 606 2185 providentia
634 2139 675 2172 et
705 2129 1026 2188 gubernatione.
1088 2130 1148 2174 At
1177 2142 1307 2185 vero,
1337 2139 1392 2180 ut

151 2209 257 2256 haec
280 2207 460 2269 scientia
487 2206 531 2251 in
554 2206 708 2251 animIs
728 2206 892 2253 nostrie
913 2219 1001 2253 non
1026 2207 1152 2263 quasi
1173 2207 1381 2264 dormiat,

151 2285 229 2329 sed
253 2283 424 2340 vigilet,
457 2283 506 2327 ut
536 2284 588 2329 ad
614 2282 823 2330 actionem
862 2295 1124 2339 sensumque
1153 2284 1303 2340 abeat,
1336 2294 1386 2329 ut

149 2364 287 2409 valeat
313 2372 463 2409 contra
484 2362 597 2406 vitae
631 2361 880 2409 acerbitates
906 2371 947 2410 et
973 2362 1124 2407 mortis
1148 2371 1380 2409 terrorem·

151 2436 222 2486 hic
245 2437 380 2500 igitur
402 2435 573 2517 fructus
595 2437 655 2484 ita
674 2438 882 2484 maximus
902 2438 1100 2496 exsistit,
1131 2449 1179 2485 ut
1205 2439 1383 2484 maxime

791 2515 888 2575 0³
1310 2530 1387 2575 να
