1624 3016
188 171 200 181 ⁴
239 175 327 216 σεο
476 162 655 213 VITA
694 164 754 212 D.
791 162 1246 220 Runnxssmt‘

248 292 387 339 solida
404 298 446 335 et
465 289 614 347 firma,
642 303 695 336 an
707 303 815 337 vans
827 291 1075 348 etiamn,
1096 293 1219 340 sint?
1246 294 1298 342 P.
1324 293 1467 343 Immo

245 380 386 413 totum
415 378 622 424 quantum
658 368 801 415 refert.
858 366 917 416 R.
957 370 1041 415 iam
1069 370 1300 427 intelligia,
1336 375 1365 420 ο
1388 374 1469 419 ml.

245 446 365 490 rifice
378 476 393 498 ‚
411 455 484 489 tua
505 444 698 490 Historia
717 446 842 500 quale
863 445 919 489 sit
943 446 1276 493 instrumentum
1300 458 1343 492 ct
1372 449 1473 495 sun-

248 521 517 565 damentumt
538 532 703 576 quanto
724 531 911 566 tuocum
935 521 1127 577 periculo
1144 534 1191 566 ea
1214 523 1469 576 mutuaris,

250 611 384 654 quum
412 598 456 643 in
477 597 590 641 vitae
610 597 808 651 actione,
838 607 1051 652 tamquam
1077 596 1374 652 navigatione,
1396 602 1472 641 sut

246 676 395 731 nulia,
424 685 499 719 aut
532 674 640 719 falsa
664 674 744 719 tibi
769 675 919 731 agendi
940 675 1130 730 exempla
1155 672 1400 728 praebebit,
1426 680 1472 716 ct

245 754 293 798 in
332 753 573 797 studiorum
626 751 788 795 ratione
836 764 966 795 vanas
1002 750 1082 794 tibi
1117 750 1390 794 auctoritates
1420 758 1470 792 ac

241 840 465 888 praecepta
488 830 687 885 subjiciet
707 843 720 874 ε
751 836 798 872 tu
823 840 989 873 omnem
1011 827 1247 871 Historiam
1266 826 1346 870 tibi
1372 837 1469 880 per·

243 909 412 965 cepisse
442 906 679 951 videbaris:
710 905 829 949 vides
861 914 1069 960 quantum
1105 904 1203 948 inde
1230 904 1467 947 detractum

228 985 328 1030 τὴς
363 982 424 1027 nil
458 981 665 1026 audivisti
701 981 753 1025 de
786 980 1050 1035 Historicis,
1078 980 1142 1025 nil
1177 982 1230 1024 de
1254 980 1396 1025 Poetis
1417 992 1468 1026 se

242 1056 555 1113 Philosophia,
584 1057 646 1102 nil
669 1058 720 1101 de
748 1069 968 1102 munerum
991 1067 1035 1102 et
1060 1059 1381 1113 magistratuum
1402 1069 1469 1101 ra-

241 1137 390 1190 tione,
419 1144 489 1190 et,
521 1143 571 1179 ut
605 1134 833 1190 suspicor,
864 1135 926 1180 nil
958 1135 1011 1180 de
1041 1134 1136 1179 aliis
1173 1134 1321 1180 multis
1340 1135 1467 1180 rebus

240 1226 339 1259 cum
366 1212 574 1258 civilibus
592 1241 609 1265 ‚
648 1221 737 1256 tum
772 1212 970 1268 bellicis,
999 1213 1140 1268 locis,
1170 1213 1468 1271 temporibus,

238 1291 305 1337 nil
326 1292 378 1335 de
406 1302 654 1335 caussarum
682 1291 1007 1347 observatione,
1038 1291 1101 1336 nil
1123 1290 1306 1346 denique
1324 1291 1377 1336 de
1401 1301 1467 1334 ra-

236 1370 357 1415 tione
379 1381 467 1424 qua
481 1380 627 1414 verum
649 1370 673 1414 a
693 1369 806 1413 falso
827 1368 1117 1413 discernaturz
1144 1367 1306 1423 quibus
1329 1367 1468 1412 omni·

236 1447 324 1491 bus
348 1446 578 1501 detractis,
609 1447 765 1501 ecquid
788 1446 999 1502 reliquum
1023 1444 1241 1490 Historiae
1269 1445 1351 1490 tibi
1379 1457 1470 1491 ma·

239 1522 345 1569 net?
404 1522 454 1567 P.
491 1523 576 1567 lam
614 1522 836 1580 intelligo,
865 1533 909 1568 et
932 1523 1123 1579 poenitet
1146 1534 1212 1566 me
1240 1533 1392 1578 operae
1418 1521 1466 1568 in

235 1600 432 1646 Historia
461 1601 644 1655 positae.
704 1601 763 1646 R.
787 1601 911 1645 Bono
932 1599 1074 1644 animo
1107 1600 1197 1644 sisa
1225 1611 1342 1643 nunc
1372 1598 1465 1656 pri-

235 1689 353 1723 mum
379 1675 558 1733 proficis
583 1677 635 1719 ad
659 1677 910 1731 scientiam,
940 1687 1073 1731 quum
1100 1674 1332 1732 intelligere
1356 1674 1466 1719 inci-

230 1754 304 1812 pis
333 1762 541 1808 quantum
579 1752 636 1795 sit
667 1754 786 1807 quod
822 1754 1019 1797 nesciasz
1059 1762 1100 1796 et
1124 1753 1273 1807 vides,
1305 1753 1464 1807 credo,

208 1829 344 1883 tibi,
376 1828 450 1883 qui
480 1827 599 1870 brevi
634 1827 680 1871 in
717 1827 946 1873 Academia
985 1829 1204 1873 doctrinas
1239 1832 1468 1884 perceptu-

228 1918 336 1958 rus,
366 1917 414 1948 ac
447 1917 577 1958 porro
601 1904 716 1947 vitae
748 1915 790 1948 et
827 1904 1014 1960 privatae
1040 1914 1082 1947 et
1109 1904 1309 1960 publicae
1342 1904 1466 1960 quasi

228 1982 312 2027 iter
333 1990 375 2024 et
393 1979 708 2036 navigationem
736 1979 1006 2036 ingressurus
1030 1981 1122 2035 sis,
1154 1980 1236 2025 tibi
1260 1981 1393 2037 igitur
1413 1981 1466 2024 il-

230 2058 310 2102 lud
341 2056 505 2111 puerile
539 2055 756 2100 Historiae
781 2055 1102 2101 fundamentum
1133 2068 1177 2102 et
1209 2058 1466 2102 instrumen-

230 2143 325 2177 tum
345 2146 435 2177 non
461 2133 671 2186 sufficere,
699 2134 775 2176 sed
801 2146 914 2188 opus
938 2146 1032 2178 esse
1055 2133 1239 2179 firmiore
1260 2145 1304 2178 et
1329 2135 1466 2178 effica-

227 2208 346 2264 ciore
378 2218 421 2252 et
448 2208 572 2262 quasi
604 2209 749 2264 virili,
786 2211 905 2264 quod
934 2211 988 2255 ad
1012 2211 1246 2256 uberiorem
1272 2213 1464 2269 omnium

229 2290 371 2329 rerum
387 2284 684 2340 'cognitionem
700 2316 716 2340 ,
737 2298 983 2343 caussarum
998 2287 1344 2352 ,observationem
1362 2319 1379 2343 ,
1392 2300 1465 2332 vae

227 2361 269 2405 ri
301 2359 488 2415 falsique
507 2362 717 2418 iudicium
735 2394 753 2417 ,
782 2373 872 2408 tum
895 2365 1108 2421 denique,
1131 2377 1188 2409 =ut
1211 2367 1273 2411 ita
1293 2366 1459 2418 dicam,

226 2437 282 2481 ad
309 2437 545 2481 Historiam
567 2439 813 2495 Historiae,
838 2444 1005 2498 valeat,
1048 2445 1095 2488 id
1126 2456 1192 2490 eat
1217 2454 1266 2489 ut
1295 2455 1460 2499 cogno-

208 2510 323 2570 ’ρεαδ
346 2511 422 2568 qui
459 2511 729 2570 Scriptores,
761 2517 919 2573 quibus
941 2518 987 2562 in
1013 2519 1141 2564 rebus
1156 2549 1174 2574 ‚
1204 2531 1289 2574 qua
1308 2518 1389 2562 fide
1409 2528 1452 2560 et

1380 2603 1462 2637 au.
