1624 3016
308 204 494 256 VITA
540 202 604 253 D.
656 196 1104 251 Rtmmmml.
1238 188 1367 255 653·

101 334 395 396 opusculum,
425 342 480 377 ex
516 341 643 385 opere
675 327 848 373 Graeco
875 336 994 371 nunc
1022 322 1190 380 perdito
1218 322 1335 371 Gora

97 412 218 472 gine,
245 410 337 467 ejus
370 420 499 463 quem
527 405 599 450 M.
626 404 789 450 Cicero
824 401 948 445 filius
965 401 1220 455 magistrum
1241 395 1335 445 elo·

97 490 297 550 quentiae
328 487 506 541 habuit,-
533 483 692 530 Latine
716 491 903 524 vversum
927 476 1015 523 fere
1037 478 1334 535 negligebatur

39 605 45 612 .
94 570 236 615 adhuc
281 568 335 612 ab
373 563 624 610 hominibus
659 558 803 604 doctis
819 587 838 612 ‚
879 555 1079 612 quamvis
1119 554 1336 600 laudatum

94 648 208 692 illud
243 644 428 690 subinde
462 642 488 685 ὲ
524 633 856 697 Quinctilisno,
897 644 949 679 ac
992 634 1262 690 probsndum
1295 643 1340 678 et

97 722 307 770 orationis
328 719 522 764 bonitate
552 725 595 761 et
616 720 944 772 praeceptorum
971 710 1222 767 diligentia,
1245 721 1338 756 tum

97 812 201 845 vero
234 796 376 853 magni
412 792 720 839 sestimsndum
763 788 1006 844 frequentis
1026 799 1029 800 ’
1046 788 1339 843 exemplorum

98 876 255 922 Latine
276 872 536 918 redditorum
561 869 586 913 e
610 866 791 914 Graecis
826 863 1119 918 oratoribus,
1145 875 1236 908 non
1268 877 1342 908 so-

96 958 188 1002 lum
224 950 544 1003 Demosthene,
588 947 762 1004 Lysis,
806 945 1051 1003 Hyperide,
1081 944 1341 998 Dinsreho,

93 1031 328 1087 Lycurgo,
359 1038 472 1083 quos
493 1033 654 1070 veteres
677 1023 963 1069 Grammatici
986 1023 1031 1068 in
1055 1023 1199 1068 decem
1225 1022 1341 1067 cles·

97 1107 204 1152 sicis
239 1112 500 1151 censuerunt
533 1100 796 1146 Oratoribus
814 1135 832 1157 ‚
870 1099 945 1144 sed
981 1110 1087 1144 vero
1120 1098 1244 1144 etism
1286 1109 1339 1142 ex

93 1184 306 1241 Hegesia,
337 1178 556 1226 Demetrio
575 1179 813 1233 Phalere0,
840 1178 1071 1231 charisio,
1101 1175 1339 1222 Democha-

93 1276 170 1317 re,
211 1262 394 1317 aliisque
435 1272 488 1304 ex
527 1259 605 1304 illo
643 1259 926 1303 classicorum
965 1270 1099 1303 censu
1130 1258 1336 1303 exclusis.

94 1340 336 1395 Aliquanto
379 1335 562 1381 minoris
602 1344 705 1380 sunt
743 1335 948 1380 momenti
985 1334 1146 1390 Aquila
1181 1334 1342 1383 Roma·

96 1429 280 1469 manus,
311 1416 458 1460 rhetor
482 1414 507 1458 e
535 1414 711 1458 saeculo
734 1414 930 1458 secundo
949 1422 1138 1457 extremo
1162 1420 1237 1456 sut
1255 1421 1340 1455 ter·

94 1492 190 1545 tio,
231 1491 306 1546 qui
349 1503 401 1535 ex
437 1490 668 1534 Alexandri
709 1489 916 1534 Numenii
950 1489 1186 1545 superstite
1219 1501 1336 1533 nune

95 1568 244 1613 libello
283 1568 459 1611 nomint
486 1578 534 1610 ac
561 1565 835 1611 definitiones
859 1565 1113 1621 Figuratum
1143 1563 1335 1618 sumsit,

7 1647 9 1653 '
94 1645 340 1702 suppositis
364 1644 410 1688 in
432 1644 728 1698 exemplorum
755 1642 1018 1687 Graecorum
1042 1645 1188 1687 locum
1211 1642 1337 1688 Lati·

92 1723 264 1768 nist-et
282 1720 427 1777 Julius
453 1718 712 1765 Rufinianus
733 1721 759 1764 e
784 1719 1069 1765 Constantini
1091 1733 1225 1775 sevo,
1256 1722 1334 1778 qul

0 1817 9 1866 i
94 1800 286 1855 exempla
319 1810 408 1844 non
433 1797 521 1841 fere
550 1798 675 1841 habet
699 1798 787 1842 nisi
808 1798 1091 1843 Ciceronisus
1115 1807 1158 1842 et
1187 1797 1336 1856 Virgi-

0 1898 2 1936 ς
94 1880 233 1924 liam:
266 1891 380 1933 quos
413 1877 704 1923 Ruhnkenius
734 1888 778 1923 et
800 1890 977 1935 propter
999 1879 1242 1936 argumenti
1271 1878 1334 1923 si·

95 1957 409 2010 militudinem,
427 1963 484 1999 ·et
513 1956 703 2012 priorum
730 1956 970 2000 editionum
1002 1955 1334 2011 auctoritstem,

93 2031 390 2091 adjungendos
419 2030 594 2076 Rutilio
618 2032 834 2077 censebat.
893 2031 1015 2088 Ergo
1037 2033 1146 2078 hanc
1167 2032 1335 2078 Rheto-

94 2122 192 2154 rum
225 2110 454 2154 editionem
478 2109 537 2152 its
561 2109 760 2164 ornavit,
791 2118 841 2153 ut
869 2109 1016 2165 quivis
1041 2122 1155 2155 unus
1177 2111 1332 2156 harum

13 2187 19 2195 ’
95 2196 236 2229 rerum
260 2185 422 2240 peritus
446 2184 700 2241 intelligeret
714 2218 730 2240 ‚
761 2185 972 2232 neminem
994 2187 1083 2233 nisi
1102 2188 1128 2232 ἢ
1147 2187 1335 2234 Graeca-

14 2319 20 2327 ·
94 2275 193 2307 rum
226 2262 403 2308 scientis
437 2261 680 2307 Literarum
717 2263 990 2320 profectum,
1032 2266 1190 2312 nedum
1220 2266 1335 2315 istos

97 2339 251 2383 harum
278 2339 456 2394 ignaros
473 2371 489 2392 ,
519 2338 771 2386 Ruhnkenii
799 2341 1138 2398 obtrectatores,
1167 2352 1244 2388 snt
1272 2342 1333 2387 si·

93 2418 197 2461 mile
230 2417 461 2472 quidquam
500 2417 719 2473 proferre,
762 2428 839 2462 aut
869 2420 1049 2465 omnino
1079 2420 1332 2467 Latinarum

88 2478 336 2540 -Litersrum
375 2496 539 2538 muneri
570 2494 922 2551 professionique
956 2496 1201 2543 satisfacere
1227 2509 1335 2554 pos·

86 2581 158 2620 se.
215 2572 435 2629 Principio
451 2604 465 2628 ,
495 2574 648 2618 horum
671 2575 723 2621 de
744 2573 986 2622 Rhetorum
1007 2578 1134 2623 rebus
1156 2591 1208 2625 sc
1225 2578 1334 2623 scri-

1220 2664 1342 2712 1³0³,
