1624 3016
264 126 370 192 m
484 135 662 187 vum
710 135 769 182 n.
820 123 1272 184 nun'mtssrtu.

273 266 455 314 cicorum
483 261 632 319 'copiis
666 272 815 317 parum
848 260 1077 305 liberaliter
1106 259 1204 305 nti:
1249 259 1357 317 qni,
1398 255 1505 307 lieet

274 344 372 400 ipse
398 338 650 404 aeutisaimo
687 337 858 395 ingenio
889 346 929 381 et
966 336 1167 382 interime
1198 334 1384 381 Graecae
1414 337 1499 382 lin-

275 429 384 474 guae
404 414 579 460 seientia
604 413 849 470 praeditus,
882 412 1043 467 quibus
1064 411 1281 468 propriam
1305 413 1387 458 sibi
1407 413 1504 468 gio·

273 497 378 541 riam
410 504 553 551 parere
586 501 765 548 posset,
795 498 934 535 tamen
965 490 1142 535 alienam
1166 503 1292 547 saepe
1312 489 1503 546 surripe-

275 582 356 617 ret.
413 570 526 614 Sunt
547 568 658 612 enim
685 568 730 612 in
752 568 847 624 ejus
869 566 1238 612 emendationibus
1262 565 1375 610 haud
1398 577 1505 621 psu-

274 662 351 696 cae
387 645 635 704 hujusmodi
673 645 718 690 in
763 645 926 699 quibus
962 643 1147 697 Antiqui
1178 643 1412 698 Scriptoris
1444 642 1510 686 io-

278 736 378 769 cum
403 722 491 780 jam
513 734 536 764 a
558 720 848 773 casaubono,
879 719 1188 773 Valckenatio,
1219 717 1518 773 Ruhnkenio,·

278 813 353 853 am
382 798 508 851 aliis,
537 797 701 852 egregie
734 796 1029 849 emendatum,
1058 796 1273 839 levissime
1292 796 1437 840 addito
1458 812 1508 842 rc

275 878 347 923 vei
379 877 451 929 ὃ),
496 873 682 916 similive
714 872 1083 930 correctioneu1a‚
1116 882 1281 927 mutat,
1311 883 1403 917 tum
1439 880 1510 916 to·

278 961 373 995 tum
410 947 548 991 veluti
574 947 598 991 a
622 958 667 989 se
689 945 786 989 solo
811 957 1144 1002 perpurgatum,
1171 949 1381 1004 apponit,
1410 958 1512 993 cun

277 1027 354 1074 tali
386 1027 472 1071 fere
507 1023 688 1069 fonnula
702 1055 720 1077 ‚
748 1028 817 1068 ita
853 1023 1052 1081 legendus
1077 1027 1147 1070 hic
1183 1026 1324 1082 locus,
1354 1032 1403 1073 in
1426 1040 1509 1088 quo

280 1100 543 1162 emendando
564 1102 714 1157 magns·
736 1101 828 1145 viri
843 1110 1002 1159 parum
1027 1099 1249 1147 vitiarunt.
1308 1100 1516 1147 Ruhnke-

282 1180 382 1227 nius
415 1178 585 1235 quidem
610 1184 761 1233 postea
793 1175 838 1219 in
858 1176 987 1219 altera
1010 1176 1198 1221 editione
1216 1176 1515 1234 Epistularum

280 1258 545 1306 Criticarum
568 1264 611 1299 et
642 1253 809 1298 Timaei
824 1284 841 1308 ,
871 1266 973 1297 suaa
995 1253 1088 1310 ipse
1106 1255 1397 1301 correctiones
1421 1256 1517 1303 vin·

284 1334 471 1388 dicavit5
504 1331 669 1389 Toupii
694 1344 850 1376 morem
885 1332 1037 1376 leniter
1058 1334 1376 1388 perstringens:
1410 1343 1516 1381 tunc

285 1427 389 1460 vero
423 1411 682 1467 verebatur,
724 1423 778 1456 ne
816 1409 1103 1467 Longinianis
1142 1410 1523 1457 animadversioni·

287 1490 372 1534 bus
399 1490 508 1533 idem
534 1488 735 1532 eveniret.
794 1486 956 1541 Porro,
986 1499 1076 1532 non
1099 1485 1261 1531 ferebat
1281 1488 1519 1551 tarditatem

288 1566 523 1621 editionis,
549 1566 636 1625 jam
673 1566 784 1610 ultra
819 1575 987 1610 sextum
1015 1577 1175 1611 annum
1200 1575 1374 1612 tractae.
1432 1566 1524 1625 Igi-

285 1658 357 1693 tut
388 1646 744 1692 Dissertationem
777 1645 832 1690 dc
865 1646 975 1691 Vita
1006 1654 1049 1689 ct
1079 1646 1265 1706 Scriptis
1298 1645 1522 1705 Longini,

284 1738 416 1783 qnam
442 1736 594 1779 antea,
626 1725 726 1770 item
760 1724 996 1780 scriptam,
1025 1723 1205 1780 Toupio
1229 1726 1397 1770 mittere
1417 1738 1526 1771 con·

286 1804 520 1857 stimet-at,
551 1803 729 1848 seorsim
766 1803 863 1859 ipse
897 1802 1031 1847 edidit
1061 1802 1525 1860 Lugdunibatavomm

285 1894 400 1927 anno
431 1882 477 1926 h.
519 1893 559 1924 s.
607 1881 922 1936 septuagesimo
958 1888 1100 1925 sexto.
1170 1879 1295 1924 Hane
1325 1878 1527 1936 equidem

287 1968 379 2005 non
416 1958 572 2003 dubito
608 1958 890 2002 immortalem
923 1959 1151 2014 appellare.
1210 1957 1401 2003 Similem
1422 1946 1527 2015 ope*-

289 2050 376 2082 ram
405 2037 682 2094 porphyrio,
714 2036 1016 2092 condiscipulo
1040 2046 1085 2081 et
1106 2037 1276 2093 aequali
1301 2034 1526 2095 Longini,

286 2123 511 2160 navaverat
530 2113 753 2170 superiore
775 2115 948 2159 saeculo
964 2113 1110 2159 Lucas
1124 2102 1383 2159 Holstenius
1398 2147 1414 2170 ,
1432 2126 1531 2161 eru·

288 2191 535 2235 'ditissimus
567 2190 674 2235 vir:
722 2198 764 2234 et
788 2221 806 2245 ,
841 2191 986 2248 iudice
1015 2189 1308 2245 Ruhnkenio‚
1346 2189 1407 2234 ita
1437 2201 1529 2236 rem

289 2280 479 2325 gesserat
494 2301 512 2324 ‚
542 2280 594 2313 ut
617 2269 784 2324 primus
804 2255 1056 2326 hujusmodi
1078 2260 1284 2312 historiae
1299 2267 1407 2312 bene
1435 2314 1463 2327 ›.
1482 2312 1490 2320 ,

288 2347 458 2393 ἱιεῐιᾱιε
477 2350 717 2404 exemplum
742 2349 876 2394 daret.
934 2346 1221 2392 Ruhnkenius
1251 2331 1526 2391 Holstenifim

282 2425 387 2470 eum
426 2423 624 2470 materiae
657 2426 784 2483 copia
805 2458 822 2481 ‚
861 2435 952 2469 tum
987 2435 1100 2470 certe
1132 2422 1295 2467 formae
1324 2419 1529 2477 elegantia

286 2506 523 2562 superavit.
581 2505 726 2560 Nam,
757 2506 803 2551 in
829 2505 1001 2551 materia
1026 2505 1196 2549 nullum
1216 2509 1305 2548 etat
1333 2508 1527 2546 veterum

1454 2587 1527 2635 ge·
