1624 3016
293 170 379 227 σῃ
510 164 693 211 νιτΛ
741 163 802 211 n.
856 161 1316 217 ιωΗΝκΕΝιῐ.

222 299 240 318 ·
297 291 344 335 ln
377 300 421 332 ea
457 297 574 343 parte
604 286 680 331 ubi
715 286 923 333 defecerat
952 289 1208 348 Albertlua,
1241 301 1331 339 tum
1363 295 1415 341 ln
1450 294 1545 341 Λα.

298 365 435 410 ctarlo
474 366 526 410 ad
560 368 717 412 calcem
744 367 1007 422 additarum,
1049 369 1328 418 Praefationia
1352 375 1543 420 alteram·

301 443 414 488 Nam
452 443 504 487 ab
541 445 659 490 edito
683 446 825 500 primo
846 445 1069 492 volumine
1091 447 1143 491 ad
1174 447 1339 495 obitum
1363 453 1540 498 editori·

297 522 480 566 sedecim
517 521 682 566 fuerant
714 522 850 568 annia
885 533 928 567 et
971 524 1133 569 interea
1170 524 1456 575 Ruhnkeniua
1476 531 1544 576 in·
1604 523 1621 536 ”

298 599 463 655 signem
498 598 612 644 illam
662 599 917 645 ineditorum
950 602 1119 659 copiam
1155 600 1542 654 Grammaticorum

298 688 399 721 eum
424 676 620 731 aliunde,
651 687 742 721 tum
767 679 791 721 ὸ
820 677 1100 723 bibliothecis
1120 679 1438 727 parisiensibus
1465 675 1546 731 na-

300 760 401 796 etua
422 763 538 807 erat,
561 765 744 808 quorum
770 755 1089 808 comparatione
1114 754 1381 811 Heayeblum
1399 768 1548 804 emen·-

300 829 443 874 daret:
478 831 524 873 in
547 830 615 873 hia
636 830 830 875 Lexicon
868 832 1185 887 annoticum,
1216 836 1344 891 cujus
1377 834 1548 892 compi-

298 907 413 950 lator
441 908 467 950 ὲ
488 906 712 961 pleniore,
747 919 874 962 quam
901 919 1018 952 nunc
1042 918 1142 963 eat,
1171 909 1383 967 hesychii
1404 923 1547 958 exem-

299 982 379 1038 plo
403 982 589 1036 plurima
613 982 803 1038 sumsit,
835 986 947 1029 unde
968 987 1064 1043 ejua
1095 987 1307 1043 scriptura
1340 999 1382 1034 et
1411 989 1546 1036 corri-

299 1068 427 1114 gatur
446 1068 487 1103 et
510 1059 814 1115 locupletetur.
874 1061 1007 1120 Quod
1032 1062 1320 1111 Ruhnkenius
1346 1066 1391 1113 in
1420 1066 1545 1113 Prae·

297 1134 465 1182 satione
501 1138 733 1182 manifesto
767 1133 1104 1196 demonstravit,
1137 1144 1368 1189 ostendens
1401 1144 1544 1202 Hesy-

298 1215 447 1260 chium
471 1217 702 1271 proposito
722 1229 833 1272 auo,
866 1220 986 1274 quod
1020 1219 1068 1264 in
1090 1219 1293 1276 Epistola
1322 1221 1376 1266 ad
1402 1221 1547 1268 Eulo-

299 1293 421 1348 gium
446 1294 698 1349 profitetur,
733 1294 1229 1351 satisfecisse‚Lexicon
1255 1298 1400 1355 ipsum
1416 1303 1542 1357 post·

296 1381 348 1414 ea
380 1369 434 1414 ab
465 1370 561 1413 aliis
592 1372 835 1415 mutilatum
859 1382 901 1417 et
923 1373 1230 1428 interpolatum
1255 1385 1371 1418 ease.
1405 1373 1545 1428 „Ex-

301 1454 425 1490 ortus
456 1446 569 1490 enim
593 1445 743 1502 erat”,
775 1457 823 1491 ut
852 1447 1103 1492 Ruhnkenii
1128 1448 1272 1492 verbis
1296 1457 1395 1493 utar
1424 1479 1453 1504 „
1475 1449 1548 1496 vir

301 1520 434 1578 longe
455 1522 774 1568 eruditissimus
789 1554 809 1577 ,
826 1533 869 1567 et
892 1524 937 1568 in
956 1523 1137 1568 Graecia
1161 1522 1321 1568 Literis
1338 1522 1545 1570 familiam

302 1600 496 1654 ducens,
526 1600 635 1656 qui,
662 1613 764 1646 cum
786 1600 972 1646 vidisset
995 1599 1211 1657 Hesychii
1233 1599 1428 1647 Lexicon
1453 1612 1546 1647 non

301 1678 562 1733 respondere
594 1677 825 1734 Epistolae
854 1679 909 1722 ad
938 1678 1206 1734 Eulogium,
1235 1688 1440 1723 statueret
1457 1677 1550 1723 Le-

301 1753 435 1799 xicon
458 1755 580 1810 quod
600 1766 717 1800 nunc
743 1754 981 1809 habemus,
1010 1767 1099 1799 non
1124 1767 1221 1799 esse
1243 1755 1419 1812 majoria
1441 1767 1548 1812 ope·

299 1833 366 1878 ria
389 1833 654 1889 Epitomen,
683 1833 759 1876 sed
781 1831 845 1875 sic
873 1832 927 1875 de
948 1831 1139 1876 auctoris
1161 1831 1231 1876 sui
1263 1842 1391 1876 manu
1411 1824 1550 1876 exiis-

302 1920 382 1966 se,
410 1910 657 1965 Epistolam
688 1918 829 1953 autem
867 1910 921 1952 ad
958 1908 1195 1964 Eulogium
1231 1908 1285 1952 ab
1307 1893 1548 1964 impostore

303 1987 550 2042 Graeculo,
582 1989 659 2042 qui
695 1987 820 2030 dotes
843 1985 976 2040 libri,
1006 1984 1263 2040 quisquiliis
1283 1986 1309 2030 a
1331 1998 1378 2030 ae
1397 1985 1544 2040 aucti,

303 2063 452 2109 verbis
487 2063 796 2118 exaggerandas
839 2073 883 2106 et
925 2062 1157 2106 mendaciis
1189 2056 1549 2106 commendandas

302 2149 504 2199 putaret,
538 2139 740 2184 illiberali
762 2140 987 2185 mendacio
1008 2153 1103 2184 &ase
1119 2138 1368 2184 confictam.
1425 2139 1548 2183 Cou-

308 2231 377 2264 tra
401 2219 626 2264 Albertius
665 2219 932 2263 acutissimis
960 2218 1045 2263 viri
1068 2217 1316 2262 excellentia
1338 2216 1550 2272 amicique

309 2298 554 2344 rationibus
567 2329 585 2352 ,
605 2297 803 2352 quamvis
830 2298 956 2341 etiam
973 2305 1103 2352 atque
1116 2296 1242 2340 etiam
1265 2296 1292 2340 a
1306 2308 1353 2340 se
1368 2300 1550 2351 perpen-

306 2378 370 2422 ais
385 2407 402 2431 ‚
432 2390 521 2422 non
554 2376 836 2429 movebatur,
867 2375 943 2419 sed
974 2375 1099 2430 plura
1130 2380 1409 2430 argumenta,
1437 2381 1551 2426 quae

306 2458 520 2508 receptam
554 2455 607 2497 ab
653 2453 856 2497 omnibus
893 2451 1147 2495 sententiam
1193 2457 1410 2493 tuerentur
1430 2476 1449 2500 ,
1498 2446 1547 2489 in

305 2528 573 2589 praefatione
594 2529 696 2573 huic
716 2529 938 2576 volumini
972 2523 1276 2584 praauitteud‘a
1295 2535 1555 2582 expromere

1501 2612 1551 2646 m
