1624 3016
353 147 532 198 VITA
568 146 628 196 D.
669 148 1130 199 ῙζῑΠ-ΙΝῙῙΞΝΙῘ.Ἴ
1274 161 1369 215 532

126 271 214 327 db'l
234 275 562 321 conciliaturum
584 284 701 320 certo
719 273 982 321 confidebat.
1040 265 1200 332 Hunc,
1226 278 1366 324 simut

125 349 274 402 urbem
299 353 520 409 ingressus
542 362 640 406 est,
668 351 830 422 relictis
851 351 947 396 aliis
973 354 1158 409 negotiis
1173 385 1192 406 ,
1218 356 1363 400 eonti-

125 442 216 477 nuo
238 429 351 482 adit,
381 427 538 472 Latine
568 425 840 482 alloquitur,
869 439 1010 472 narrat
1040 431 1140 485 quis
1177 443 1221 476 et
1247 433 1363 477 unde

130 509 220 562 ait,
243 520 294 552 ex
318 506 475 550 Ritteri
498 503 751 559 Bergerique
775 503 1004 558 disciplina
1027 517 1073 547 se
1091 506 1215 550 unice
1235 507 1362 565 Lug-
1430 519 1441 526 ’

127 587 292 630 dunum
338 582 508 628 venisse
525 611 543 634 ,
581 589 630 623 ut
670 578 1053 624 Hemsterhuaiana
1086 572 1365 630 institutione

122 666 177 711 ad
200 664 455 710 Graecarum
470 659 690 705 seientiam
716 657 957 704 Literarum
978 658 1232 715 proficeret,
1245 675 1364 707 enm.

125 755 210 799 que
232 742 365 786 redux
387 738 619 793 aliquando
636 737 685 782 in
704 734 933 781 Germania
955 736 1199 789 explicaret.
1226 739 1361 783 Hem·

123 817 366 863 ster-husius
390 816 538 859 atatim
573 813 902 866 animadvertit,
933 812 1048 857 hunc
1077 825 1167 858 non
1189 827 1285 859 ease
1305 827 1361 862 ex

119 894 287 949 vulgari
324 903 474 947 genere
506 890 754 935 studiosum
793 898 837 935 et
878 889 1181 935 salutatoreme
1223 903 1361 949 agno·

118 976 205 1023 ecit
236 976 442 1030 egregiam
467 972 680 1025 indolem,
711 981 753 1016 et
785 970 945 1026 ingenii
964 972 1244 1028 elegantiame
1275 975 1361 1019 mi.

116 1064 237 1102 ratur
264 1054 511 1105 doctrinae,
546 1051 746 1105 quamvis
779 1050 825 1095 in
848 1049 1145 1104 adolescente,
1176 1052 1359 1097 maturi·

121 1140 276 1184 tatem,
302 1129 511 1174 sermonis
530 1126 676 1172 Latini
701 1127 948 1173 inusitatam
974 1126 1237 1174 bonitatemz
1259 1140 1355 1176 tum

115 1197 219 1255 vero
240 1209 504 1262 amplexatur
522 1205 746 1250 eandorem
770 1205 1032 1260 ingenuum,
1054 1207 1132 1261 qui
1156 1209 1357 1262 quemvis

98 1284 239 1329 ⁴etiam
265 1282 488 1328 doctrinae
508 1282 702 1337 ignarum
727 1282 854 1325 facile
878 1293 1074 1336 caperet:
1109 1285 1263 1341 gaudet
1288 1286 1358 1329 di-

111 1360 332 1417 scipulum
360 1359 445 1404 eibi
473 1359 644 1403 venisse
682 1371 771 1402 non
794 1358 979 1403 tironem
1007 1371 1049 1404 et
1071 1361 1249 1416 rudem,
1278 1362 1357 1408 sed

111 1438 338 1483 universae
362 1437 447 1494 jam
481 1435 737 1479 eruditionis
763 1436 1031 1490 supellectile
1057 1437 1349 1493 instructum,

110 1516 183 1559 eui
213 1516 265 1559 ad
286 1513 592 1569 perfectionem
617 1525 706 1557 non
733 1513 820 1557 nisi
845 1514 994 1558 ultima
1030 1517 1157 1570 quasi
1195 1531 1351 1566 mann.

107 1604 150 1640 et
182 1593 284 1637 lima
309 1592 495 1637 deesset.
557 1590 699 1646 Igitur
731 1594 867 1646 prima
891 1592 966 1635 illa
988 1595 1271 1650 congressio,
1302 1605 1355 1641 ut

107 1669 218 1717 solet
247 1667 339 1712 fieri
364 1669 407 1713 in
438 1668 679 1712 studiorum
715 1681 1009 1725 sensuumque
1032 1670 1348 1729 similitudine,

103 1758 193 1793 eam
218 1745 305 1790 vim
332 1745 483 1790 habuit
516 1755 565 1789 ut
593 1746 775 1790 dubium
812 1757 929 1791 esset
963 1758 1057 1792 uter
1083 1760 1225 1793 utrum
1261 1764 1352 1796 ma·

107 1823 174 1879 gis
192 1822 396 1879 cepisset.
439 1822 552 1867 Natu
577 1832 619 1866 et
636 1824 682 1868 in
713 1825 1046 1870 Hemsterhusio
1071 1828 1205 1872 multa
1227 1840 1348 1875 erant

105 1912 216 1957 quae
235 1900 429 1944 homines
448 1900 574 1944 etiam
597 1901 800 1946 indoctos
821 1902 875 1946 ad
899 1915 997 1947 eum
1018 1906 1348 1961 suspiciendum

105 1982 437 2025 convertet-ente·
469 1977 635 2021 summa
678 1979 724 2022 in
759 1978 944 2032 habitu,
984 1981 1144 2034 vultu,
1185 1995 1342 2040 gestu,

106 2065 257 2108 motu,
296 2066 395 2098 cum
432 2052 634 2099 comitate
667 2054 880 2109 gravitas:
924 2056 1148 2109 prudentis
1188 2060 1349 2119 oratiof

103 2136 201 2186 nie,
240 2140 458 2186 tamquam
491 2131 745 2185 meditatae,
777 2133 972 2177 sedatum
1015 2137 1230 2190 quoddam
1267 2140 1349 2185 flu·

105 2220 220 2254 men.
285 2207 390 2266 Quo
423 2209 584 2264 majore
620 2208 900 2253 admiratione
933 2206 1245 2260 Ruhnkenium
1275 2219 1351 2261 ad-

106 2287 268 2332 fectum
297 2286 434 2331 fuisse
458 2298 534 2342 par
557 2297 647 2341 est,
673 2289 749 2342 qui
773 2289 825 2333 ad
849 2289 966 2333 hunc
986 2291 1068 2335 viri
1087 2294 1347 2350 adspectum

103 2363 328 2410 maximam
367 2364 419 2408 de
444 2363 538 2419 eius
561 2364 759 2407 doctrina
794 2364 1151 2413 existimationem
1175 2373 1349 2416 attulis-

6 2438 42 2504 ']2.
103 2455 187 2490 aet.
256 2441 391 2496 Saepe
429 2440 538 2487 mihi
585 2442 803 2495 narravit,
841 2454 918 2497 se,
959 2443 1062 2488 licet
1094 2443 1250 2491 absens
1296 2450 1351 2496 de

105 2518 436 2567 Hemsterhusio
473 2530 642 2566 summa
690 2519 835 2574 omnia
873 2519 1080 2578 opinione
1111 2526 1359 2581 praecepis-

150 2615 154 2617 “
1261 2612 1361 2663 aet,
