1624 3016
156 165 363 220 PRAEF.
380 183 446 216 η
463 163 628 214 Εῡῐτ.
646 166 824 215 PLUT.
845 166 999 215 Mon.
1021 161 1125 216 νόι.
1138 171 1176 219 1.
1237 173 1327 231 ,σγ

147 295 218 340 Ac
248 295 300 339 de
322 293 541 338 Plutarchi
565 292 736 348 quidem
767 293 967 346 laudibus
998 300 1041 337 et
1074 296 1212 340 dicere
1243 294 1330 343 hoe

96 379 197 423 ioco
220 385 262 419 et
286 385 422 418 tacere
443 373 613 418 difficile
638 384 721 417 est.
753 373 800 418 Si
825 382 985 417 taceam
1001 405 1019 427 ‚
1051 374 1193 418 videar
1213 387 1337 432 prae-

93 452 270 507 cipuum
315 451 492 496 editoris
528 461 716 501 munus,
756 449 875 502 quod
913 448 957 491 in
998 450 1338 497 commendando

96 532 291 577 Auctore
329 531 525 587 positum
562 537 659 582 est,
689 527 944 582 neglexisse.
1004 527 1050 570 Si
1082 528 1245 583 dicam,
1275 530 1343 575 di.

94 610 277 654 cendum
307 608 366 652 sit
395 616 470 651 aut
498 606 697 649 universe
719 614 792 646 aut
825 602 1120 658 peculiariter:
1154 610 1344 659 quorum

94 695 295 732 neutrum
331 696 428 728 cum
454 684 533 726 hac
558 679 825 736 praefatione
842 679 1065 735 congruit.
1126 678 1343 727 Universe

99 761 380 808 Plutarchum
406 759 607 812 laudare,
640 766 687 800 ut
721 768 857 800 unum
885 769 937 801 ex
962 758 1343 812 praestantissimis

95 823 398 891 Auctoribus,
443 848 645 892 magnum
686 834 733 880 in
782 834 1006 887 Historia,
1047 847 1247 890 magnum
1293 836 1343 881 in

95 914 408 971 Philosophia,
440 925 641 970 magnum
676 913 722 957 in
756 911 876 956 omni
914 910 1137 957 doctrinae
1157 925 1341 968 genere,

92 991 308 1048 egregium
336 991 390 1036 ad
411 990 572 1046 ingenii
597 999 640 1034 et
663 988 840 1034 virtutis
872 986 1093 1033 fructum:
1123 989 1227 1033 haec
1258 989 1342 1046 igi·

93 1065 195 1122 tur,
227 1068 428 1123 quamvis
459 1079 589 1121 vera,
631 1076 771 1111 tamen
807 1076 1117 1122 supervacanea
1151 1066 1209 1110 sit
1243 1078 1340 1111 ora·

93 1145 190 1199 tio,
222 1145 386 1201 quippe
405 1144 459 1190 de
483 1156 528 1188 re
550 1144 801 1201 pervulgata
821 1153 864 1188 et
891 1142 1053 1189 nemini
1075 1143 1222 1190 dubis.
1259 1143 1343 1190 Pe-

96 1220 318 1265 cuiiariter
348 1220 431 1264 viri
471 1220 689 1275 ingenium
726 1220 1056 1276 doctrinamque
1094 1221 1341 1278 explicare,

92 1298 219 1342 dotes
252 1297 433 1342 interius
457 1298 698 1354 inspicere,
729 1310 873 1342 earum
907 1298 1081 1343 modum
1109 1299 1339 1343 rationem-

96 1388 183 1431 que
201 1376 435 1431 expendere
449 1406 465 1430 ‚
493 1387 716 1420 censuram
737 1388 888 1432 agere,
908 1386 975 1421 est
996 1388 1097 1421 sane
1120 1389 1235 1433 opus
1257 1383 1336 1423 nec

96 1463 239 1498 actum
273 1463 350 1497 nec
386 1464 781 1507 supervacaneum,
817 1462 860 1498 et
892 1465 992 1499 cum
1023 1453 1203 1498 editoris
1234 1465 1339 1508 pro·

93 1531 238 1576 vincia
263 1531 319 1575 ita
339 1532 653 1588 coniunctum,
682 1542 733 1576 ut
758 1543 901 1576 vereat
921 1545 975 1578 ne
998 1532 1194 1589 plerique
1217 1533 1332 1587 hoc,

91 1617 308 1664 tamquam
347 1610 570 1664 debitum,
609 1610 823 1656 continuo
863 1610 910 1655 in
943 1607 1207 1666 praefatione
1241 1611 1329 1656 sibi

92 1686 259 1732 exsolvi
286 1696 329 1731 et
352 1687 532 1742 cupiant
554 1697 596 1732 et
613 1697 881 1744 exspectent.
931 1688 993 1732 At
1013 1690 1106 1746 ejus
1132 1688 1335 1734 tractatio

96 1773 230 1816 quum
257 1772 341 1807 tam
370 1764 454 1808 iate
475 1772 643 1819 potest,
677 1774 724 1808 ut
748 1765 807 1809 sit
834 1764 943 1821 justi
973 1765 1109 1811 instar
1128 1766 1256 1836 iibri,
1283 1776 1335 1811 ae

94 1846 238 1882 totum
274 1838 550 1894 praefationis
589 1843 790 1896 spatium·
815 1852 1080 1899 occupatura
1108 1843 1335 1898 videaturg

95 1927 183 1959 eam
206 1916 667 1964 Animadversionibus
698 1919 992 1965 reservandam
1018 1920 1147 1971 duxi,
1179 1921 1254 1964 ubi
1277 1905 1332 1964 de

93 1992 192 2036 viri·
210 1993 325 2046 vita,
355 1993 517 2048 rebus,
547 1995 758 2049 scriptis,
786 2006 1046 2050 exponetur.
1113 1994 1247 2040 Nunc
1278 1994 1335 2040 sd

94 2070 239 2127 operis
276 2083 484 2116 summam
520 2071 712 2117 festino:
756 2083 874 2116 nunc
915 2071 1150 2116 Plutarchi
1174 2072 1335 2117 Mora*

92 2147 193 2199 lia,
236 2148 483 2201 emendata,
528 2147 723 2201 Graeca,
760 2159 804 2192 et
849 2148 1005 2192 Latine
1037 2161 1190 2204 versa,
1231 2158 1333 2194 cun

97 2225 213 2270 brevi
249 2227 590 2271 emendationum
627 2227 876 2280 notatione,
910 2226 1093 2274 emittet
1123 2227 1335 2282 reliquam

97 2315 265 2348 omnem
305 2305 696 2359 interpretationem
726 2305 840 2348 libro
865 2303 1333 2362 Animadversionum,

96 2395 199 2427 mox
237 2381 560 2438 submittendo,
599 2383 883 2437 complectar.
954 2381 1097 2442 Quam
1123 2382 1334 2428 distribu-

93 2460 258 2505 tionem
291 2472 420 2515 quare
442 2459 702 2516 sequendam
725 2457 994 2515 putaverim,
1022 2457 1174 2519 paucis
1194 2458 1336 2504 decis·

92 2539 271 2586 tandum
290 2546 381 2589 eat.

1251 2612 1333 2663 Vi-
