<?xml version="1.0" encoding="UTF-8"?>
<!DOCTYPE html PUBLIC "-//W3C//DTD XHTML 1.0 Transitional//EN"
    "http://www.w3.org/TR/xhtml1/DTD/xhtml1-transitional.dtd">
<html xmlns="http://www.w3.org/1999/xhtml" xml:lang="en" lang="en">
 <head>
  <title>
</title>
<meta http-equiv="Content-Type" content="text/html;charset=utf-8" />
  <meta name='ocr-system' content='tesseract 3.04.00' />
  <meta name='ocr-capabilities' content='ocr_page ocr_carea ocr_par ocr_line ocrx_word'/>
</head>
<body>
  <div class='ocr_page' id='page_1' title='image "./opusculavariiarg01wytt/opusculavariiarg01wytt_0153.png"; bbox 0 0 1624 3016; ppageno 0'>
   <div class='ocr_carea' id='block_1_1' title="bbox 295 116 1388 192">
    <p class='ocr_par' dir='ltr' id='par_1_1' title="bbox 295 116 1388 192">
     <span class='ocr_line' id='line_1_1' title="bbox 295 116 1388 192; baseline 0.001 -13"><span class='ocrx_word' id='word_1_1' title='bbox 295 116 543 179; x_wconf 67' lang='lat' dir='ltr'>ARTmM</span> <span class='ocrx_word' id='word_1_2' title='bbox 568 123 955 180; x_wconf 72' lang='lat' dir='ltr'>PRocmzA&#39;m.</span> <span class='ocrx_word' id='word_1_3' title='bbox 984 125 1071 178; x_wconf 75' lang='lat' dir='ltr'>m·</span> <span class='ocrx_word' id='word_1_4' title='bbox 1098 128 1230 182; x_wconf 59' lang='lat' dir='ltr'>rm</span> <span class='ocrx_word' id='word_1_5' title='bbox 1292 141 1388 192; x_wconf 55' lang='grc' dir='ltr'>η,</span> 
     </span>
    </p>
   </div>
   <div class='ocr_carea' id='block_1_2' title="bbox 124 251 1388 1092">
    <p class='ocr_par' dir='ltr' id='par_1_2' title="bbox 140 251 1378 468">
     <span class='ocr_line' id='line_1_2' title="bbox 140 251 1377 312; baseline -0.001 -9"><span class='ocrx_word' id='word_1_6' title='bbox 140 251 243 303; x_wconf 82' lang='lat' dir='ltr'>dum</span> <span class='ocrx_word' id='word_1_7' title='bbox 278 251 426 311; x_wconf 60' lang='lat' dir='ltr'>ficio,</span> <span class='ocrx_word' id='word_1_8' title='bbox 455 261 558 312; x_wconf 83' lang='lat' dir='ltr'>peto</span> <span class='ocrx_word' id='word_1_9' title='bbox 589 256 613 299; x_wconf 78' lang='lat' dir='ltr'>&#39;a</span> <span class='ocrx_word' id='word_1_10' title='bbox 636 254 809 309; x_wconf 69' lang='lat' dir='ltr'>Vobis,</span> <span class='ocrx_word' id='word_1_11' title='bbox 840 253 1075 300; x_wconf 82' lang='lat' dir='ltr'>Auditores</span> <span class='ocrx_word' id='word_1_12' title='bbox 1103 254 1377 303; x_wconf 72' lang='lat' dir='ltr'>Humanlssi-</span> 
     </span>
     <span class='ocr_line' id='line_1_3' title="bbox 142 330 1378 390; baseline -0.001 -11"><span class='ocrx_word' id='word_1_13' title='bbox 142 335 230 388; x_wconf 83' lang='lat' dir='ltr'>mi,</span> <span class='ocrx_word' id='word_1_14' title='bbox 273 340 355 387; x_wconf 71' lang='grc' dir='ltr'>ιιι,</span> <span class='ocrx_word' id='word_1_15' title='bbox 397 343 482 387; x_wconf 85' lang='lat' dir='ltr'>qua</span> <span class='ocrx_word' id='word_1_16' title='bbox 523 344 591 376; x_wconf 86' lang='lat' dir='ltr'>me</span> <span class='ocrx_word' id='word_1_17' title='bbox 624 332 762 376; x_wconf 85' lang='lat' dir='ltr'>adhuc</span> <span class='ocrx_word' id='word_1_18' title='bbox 793 330 1020 376; x_wconf 68' lang='lat' dir='ltr'>audivistis</span> <span class='ocrx_word' id='word_1_19' title='bbox 1061 332 1378 390; x_wconf 76' lang='lat' dir='ltr'>benivolentia,</span> 
     </span>
     <span class='ocr_line' id='line_1_4' title="bbox 140 411 1069 468; baseline -0.002 -11"><span class='ocrx_word' id='word_1_20' title='bbox 140 413 284 458; x_wconf 81' lang='lat' dir='ltr'>eadem</span> <span class='ocrx_word' id='word_1_21' title='bbox 319 424 387 457; x_wconf 86' lang='lat' dir='ltr'>tue</span> <span class='ocrx_word' id='word_1_22' title='bbox 419 418 550 468; x_wconf 84' lang='lat' dir='ltr'>porro</span> <span class='ocrx_word' id='word_1_23' title='bbox 585 411 730 455; x_wconf 87' lang='lat' dir='ltr'>audire</span> <span class='ocrx_word' id='word_1_24' title='bbox 761 420 815 454; x_wconf 85' lang='lat' dir='ltr'>ue</span> <span class='ocrx_word' id='word_1_25' title='bbox 844 411 1069 456; x_wconf 70' lang='lat' dir='ltr'>recusetis.</span> 
     </span>
    </p>

    <p class='ocr_par' dir='ltr' id='par_1_3' title="bbox 124 484 1388 1092">
     <span class='ocr_line' id='line_1_5' title="bbox 207 484 1384 546; baseline -0.001 -12"><span class='ocrx_word' id='word_1_26' title='bbox 207 484 269 534; x_wconf 88' lang='lat' dir='ltr'>Et</span> <span class='ocrx_word' id='word_1_27' title='bbox 290 489 477 546; x_wconf 87' lang='lat' dir='ltr'>primum</span> <span class='ocrx_word' id='word_1_28' title='bbox 502 488 674 544; x_wconf 84' lang='lat' dir='ltr'>quidem</span> <span class='ocrx_word' id='word_1_29' title='bbox 703 488 879 542; x_wconf 81' lang='lat' dir='ltr'>prodeat</span> <span class='ocrx_word' id='word_1_30' title='bbox 899 498 979 540; x_wconf 83' lang='lat' dir='ltr'>ea,</span> <span class='ocrx_word' id='word_1_31' title='bbox 1009 495 1117 542; x_wconf 82' lang='lat' dir='ltr'>quae</span> <span class='ocrx_word' id='word_1_32' title='bbox 1141 494 1270 533; x_wconf 81' lang='lat' dir='ltr'>suum</span> <span class='ocrx_word' id='word_1_33' title='bbox 1289 488 1384 533; x_wconf 84' lang='lat' dir='ltr'>cui-</span> 
     </span>
     <span class='ocr_line' id='line_1_6' title="bbox 124 561 1386 620; baseline -0.005 -11"><span class='ocrx_word' id='word_1_34' title='bbox 124 577 236 620; x_wconf 38' lang='lat' dir='ltr'>,que</span> <span class='ocrx_word' id='word_1_35' title='bbox 256 565 440 618; x_wconf 81' lang='lat' dir='ltr'>delinit,</span> <span class='ocrx_word' id='word_1_36' title='bbox 468 564 511 607; x_wconf 83' lang='lat' dir='ltr'>et</span> <span class='ocrx_word' id='word_1_37' title='bbox 546 561 792 607; x_wconf 84' lang='lat' dir='ltr'>communis</span> <span class='ocrx_word' id='word_1_38' title='bbox 826 561 1048 605; x_wconf 79' lang='lat' dir='ltr'>societatis</span> <span class='ocrx_word' id='word_1_39' title='bbox 1079 562 1251 607; x_wconf 82' lang='lat' dir='ltr'>vincula</span> <span class='ocrx_word' id='word_1_40' title='bbox 1279 577 1386 609; x_wconf 81' lang='lat' dir='ltr'>con.</span> 
     </span>
     <span class='ocr_line' id='line_1_7' title="bbox 147 634 1378 697; baseline -0.002 -11"><span class='ocrx_word' id='word_1_41' title='bbox 147 643 281 696; x_wconf 89' lang='lat' dir='ltr'>tinet,</span> <span class='ocrx_word' id='word_1_42' title='bbox 305 634 670 697; x_wconf 80' lang='lat' dir='ltr'>Juriaprudentia.</span> <span class='ocrx_word' id='word_1_43' title='bbox 740 636 886 681; x_wconf 80' lang='lat' dir='ltr'>Facite</span> <span class='ocrx_word' id='word_1_44' title='bbox 912 649 1039 692; x_wconf 83' lang='lat' dir='ltr'>quem</span> <span class='ocrx_word' id='word_1_45' title='bbox 1082 637 1197 693; x_wconf 86' lang='lat' dir='ltr'>leges</span> <span class='ocrx_word' id='word_1_46' title='bbox 1228 650 1378 684; x_wconf 86' lang='lat' dir='ltr'>omnes</span> 
     </span>
     <span class='ocr_line' id='line_1_8' title="bbox 147 718 1383 783; baseline -0.006 -11"><span class='ocrx_word' id='word_1_47' title='bbox 147 735 282 781; x_wconf 80' lang='lat' dir='ltr'>atque</span> <span class='ocrx_word' id='word_1_48' title='bbox 310 722 583 777; x_wconf 80' lang='lat' dir='ltr'>exceptiones</span> <span class='ocrx_word' id='word_1_49' title='bbox 616 720 665 765; x_wconf 86' lang='lat' dir='ltr'>iu</span> <span class='ocrx_word' id='word_1_50' title='bbox 695 727 918 764; x_wconf 82' lang='lat' dir='ltr'>numerato</span> <span class='ocrx_word' id='word_1_51' title='bbox 947 718 1129 773; x_wconf 80' lang='lat' dir='ltr'>habere,</span> <span class='ocrx_word' id='word_1_52' title='bbox 1170 721 1251 783; x_wconf 26' lang='lat' dir='ltr'>segi-</span> <span class='ocrx_word' id='word_1_53' title='bbox 1275 732 1383 764; x_wconf 82' lang='lat' dir='ltr'>cun-</span> 
     </span>
     <span class='ocr_line' id='line_1_9' title="bbox 146 796 1385 853; baseline -0.007 -4"><span class='ocrx_word' id='word_1_54' title='bbox 146 806 242 850; x_wconf 87' lang='lat' dir='ltr'>dem</span> <span class='ocrx_word' id='word_1_55' title='bbox 263 803 309 847; x_wconf 90' lang='lat' dir='ltr'>iu</span> <span class='ocrx_word' id='word_1_56' title='bbox 326 799 530 846; x_wconf 81' lang='lat' dir='ltr'>formulis</span> <span class='ocrx_word' id='word_1_57' title='bbox 549 799 716 843; x_wconf 84' lang='lat' dir='ltr'>haerere</span> <span class='ocrx_word' id='word_1_58' title='bbox 729 825 746 852; x_wconf 94' lang='lat'>‚</span> <span class='ocrx_word' id='word_1_59' title='bbox 776 796 966 853; x_wconf 74' lang='lat' dir='ltr'>syllabas</span> <span class='ocrx_word' id='word_1_60' title='bbox 987 797 1190 852; x_wconf 81' lang='lat' dir='ltr'>aucupari</span> <span class='ocrx_word' id='word_1_61' title='bbox 1206 825 1223 851; x_wconf 89' lang='lat'>‚</span> <span class='ocrx_word' id='word_1_62' title='bbox 1253 801 1385 852; x_wconf 84' lang='lat' dir='ltr'>atquc</span> 
     </span>
     <span class='ocr_line' id='line_1_10' title="bbox 144 871 1383 939; baseline -0.008 -14"><span class='ocrx_word' id='word_1_63' title='bbox 144 881 218 939; x_wconf 81' lang='lat' dir='ltr'>jus</span> <span class='ocrx_word' id='word_1_64' title='bbox 262 889 389 924; x_wconf 87' lang='lat' dir='ltr'>omne</span> <span class='ocrx_word' id='word_1_65' title='bbox 431 877 478 922; x_wconf 86' lang='lat' dir='ltr'>iu</span> <span class='ocrx_word' id='word_1_66' title='bbox 512 874 655 922; x_wconf 76' lang='lat' dir='ltr'>verbis</span> <span class='ocrx_word' id='word_1_67' title='bbox 686 883 730 919; x_wconf 87' lang='lat' dir='ltr'>et</span> <span class='ocrx_word' id='word_1_68' title='bbox 763 872 960 930; x_wconf 82' lang='lat' dir='ltr'>litigandi</span> <span class='ocrx_word' id='word_1_69' title='bbox 997 871 1160 916; x_wconf 88' lang='lat' dir='ltr'>ratione</span> <span class='ocrx_word' id='word_1_70' title='bbox 1196 884 1383 928; x_wconf 81' lang='lat' dir='ltr'>pouere;</span> 
     </span>
     <span class='ocr_line' id='line_1_11' title="bbox 148 952 1381 1010; baseline -0.008 -4"><span class='ocrx_word' id='word_1_71' title='bbox 148 969 295 1006; x_wconf 82' lang='lat' dir='ltr'>nonne</span> <span class='ocrx_word' id='word_1_72' title='bbox 331 967 507 1003; x_wconf 78' lang='lat' dir='ltr'>necesse</span> <span class='ocrx_word' id='word_1_73' title='bbox 541 954 630 1010; x_wconf 89' lang='lat' dir='ltr'>sit,</span> <span class='ocrx_word' id='word_1_74' title='bbox 658 959 755 998; x_wconf 85' lang='lat' dir='ltr'>cum</span> <span class='ocrx_word' id='word_1_75' title='bbox 786 952 893 1009; x_wconf 83' lang='lat' dir='ltr'>legis</span> <span class='ocrx_word' id='word_1_76' title='bbox 933 953 1218 1005; x_wconf 74' lang='lat' dir='ltr'>seutentiam,</span> <span class='ocrx_word' id='word_1_77' title='bbox 1252 953 1381 996; x_wconf 90' lang='lat' dir='ltr'>modo</span> 
     </span>
     <span class='ocr_line' id='line_1_12' title="bbox 146 1029 1388 1092; baseline -0.007 -12"><span class='ocrx_word' id='word_1_78' title='bbox 146 1035 390 1092; x_wconf 84' lang='lat' dir='ltr'>ignorantia</span> <span class='ocrx_word' id='word_1_79' title='bbox 406 1063 422 1087; x_wconf 91' lang='lat'><strong>,</strong></span> <span class='ocrx_word' id='word_1_80' title='bbox 453 1031 584 1077; x_wconf 87' lang='lat' dir='ltr'>modo</span> <span class='ocrx_word' id='word_1_81' title='bbox 608 1031 858 1084; x_wconf 71' lang='lat' dir='ltr'>voluntate,</span> <span class='ocrx_word' id='word_1_82' title='bbox 878 1036 1144 1086; x_wconf 77' lang='lat' dir='ltr'>pervertere,</span> <span class='ocrx_word' id='word_1_83' title='bbox 1174 1029 1295 1074; x_wconf 83' lang='lat' dir='ltr'>humi</span> <span class='ocrx_word' id='word_1_84' title='bbox 1319 1041 1388 1073; x_wconf 81' lang='lat' dir='ltr'>re-</span> 
     </span>
    </p>
   </div>
   <div class='ocr_carea' id='block_1_3' title="bbox 58 1106 1389 1168">
    <p class='ocr_par' dir='ltr' id='par_1_4' title="bbox 58 1106 1389 1168">
     <span class='ocr_line' id='line_1_13' title="bbox 58 1106 1389 1168; baseline -0.005 -12"><span class='ocrx_word' id='word_1_85' title='bbox 58 1128 62 1131; x_wconf 92' lang='lat'>·</span> <span class='ocrx_word' id='word_1_86' title='bbox 147 1123 276 1168; x_wconf 85' lang='lat' dir='ltr'>perc,</span> <span class='ocrx_word' id='word_1_87' title='bbox 304 1120 347 1156; x_wconf 83' lang='lat' dir='ltr'>et</span> <span class='ocrx_word' id='word_1_88' title='bbox 378 1123 433 1155; x_wconf 87' lang='lat' dir='ltr'>ne</span> <span class='ocrx_word' id='word_1_89' title='bbox 470 1108 684 1164; x_wconf 84' lang='lat' dir='ltr'>suspicari</span> <span class='ocrx_word' id='word_1_90' title='bbox 727 1107 926 1162; x_wconf 81' lang='lat' dir='ltr'>quidem,</span> <span class='ocrx_word' id='word_1_91' title='bbox 957 1118 1067 1163; x_wconf 87' lang='lat' dir='ltr'>quae</span> <span class='ocrx_word' id='word_1_92' title='bbox 1098 1106 1157 1151; x_wconf 80' lang='lat' dir='ltr'>sit</span> <span class='ocrx_word' id='word_1_93' title='bbox 1189 1119 1285 1151; x_wconf 84' lang='lat' dir='ltr'>vera</span> <span class='ocrx_word' id='word_1_94' title='bbox 1320 1108 1389 1164; x_wconf 74' lang='lat' dir='ltr'>Ju-</span> 
     </span>
    </p>
   </div>
   <div class='ocr_carea' id='block_1_4' title="bbox 149 1182 1401 2549">
    <p class='ocr_par' dir='ltr' id='par_1_5' title="bbox 149 1182 1398 2486">
     <span class='ocr_line' id='line_1_14' title="bbox 149 1182 1392 1233; baseline -0.003 -1"><span class='ocrx_word' id='word_1_95' title='bbox 149 1188 212 1233; x_wconf 85' lang='lat' dir='ltr'>ris</span> <span class='ocrx_word' id='word_1_96' title='bbox 234 1196 387 1231; x_wconf 86' lang='lat' dir='ltr'>natura</span> <span class='ocrx_word' id='word_1_97' title='bbox 410 1194 453 1228; x_wconf 88' lang='lat' dir='ltr'>et</span> <span class='ocrx_word' id='word_1_98' title='bbox 476 1182 746 1229; x_wconf 68' lang='lat' dir='ltr'>auctoritas?</span> <span class='ocrx_word' id='word_1_99' title='bbox 805 1182 950 1228; x_wconf 84' lang='lat' dir='ltr'>Facite</span> <span class='ocrx_word' id='word_1_100' title='bbox 981 1191 1082 1228; x_wconf 77' lang='lat' dir='ltr'>vero</span> <span class='ocrx_word' id='word_1_101' title='bbox 1113 1185 1292 1230; x_wconf 80' lang='lat' dir='ltr'>eundem</span> <span class='ocrx_word' id='word_1_102' title='bbox 1314 1185 1392 1229; x_wconf 84' lang='lat' dir='ltr'>ad-</span> 
     </span>
     <span class='ocr_line' id='line_1_15' title="bbox 150 1260 1390 1318; baseline -0.002 -9"><span class='ocrx_word' id='word_1_103' title='bbox 150 1265 252 1309; x_wconf 83' lang='lat' dir='ltr'>duci</span> <span class='ocrx_word' id='word_1_104' title='bbox 287 1263 332 1308; x_wconf 85' lang='lat' dir='ltr'>in</span> <span class='ocrx_word' id='word_1_105' title='bbox 367 1260 677 1318; x_wconf 74' lang='lat' dir='ltr'>Philosophiae</span> <span class='ocrx_word' id='word_1_106' title='bbox 721 1261 931 1317; x_wconf 66' lang='lat' dir='ltr'>sacrariag</span> <span class='ocrx_word' id='word_1_107' title='bbox 974 1262 1216 1317; x_wconf 83' lang='lat' dir='ltr'>contiuuo,</span> <span class='ocrx_word' id='word_1_108' title='bbox 1252 1262 1390 1307; x_wconf 75' lang='lat' dir='ltr'>veluti</span> 
     </span>
     <span class='ocr_line' id='line_1_16' title="bbox 149 1331 1385 1397; baseline -0.002 -10"><span class='ocrx_word' id='word_1_109' title='bbox 149 1340 351 1387; x_wconf 67' lang='lat' dir='ltr'>sublimis</span> <span class='ocrx_word' id='word_1_110' title='bbox 386 1340 655 1397; x_wconf 81' lang='lat' dir='ltr'>propiorque</span> <span class='ocrx_word' id='word_1_111' title='bbox 696 1336 839 1384; x_wconf 85' lang='lat' dir='ltr'>factus</span> <span class='ocrx_word' id='word_1_112' title='bbox 874 1339 1045 1385; x_wconf 85' lang='lat' dir='ltr'>divinae</span> <span class='ocrx_word' id='word_1_113' title='bbox 1080 1348 1288 1396; x_wconf 80' lang='lat' dir='ltr'>naturae,</span> <span class='ocrx_word' id='word_1_114' title='bbox 1319 1331 1385 1384; x_wconf 32' lang='lat' dir='ltr'>*cx</span> 
     </span>
     <span class='ocr_line' id='line_1_17' title="bbox 151 1414 1389 1475; baseline -0.002 -13"><span class='ocrx_word' id='word_1_115' title='bbox 151 1430 238 1475; x_wconf 83' lang='lat' dir='ltr'>qua</span> <span class='ocrx_word' id='word_1_116' title='bbox 263 1418 338 1475; x_wconf 78' lang='lat' dir='ltr'>jus</span> <span class='ocrx_word' id='word_1_117' title='bbox 363 1429 489 1461; x_wconf 83' lang='lat' dir='ltr'>omne</span> <span class='ocrx_word' id='word_1_118' title='bbox 510 1425 642 1471; x_wconf 87' lang='lat' dir='ltr'>atque</span> <span class='ocrx_word' id='word_1_119' title='bbox 661 1414 849 1459; x_wconf 81' lang='lat' dir='ltr'>officium</span> <span class='ocrx_word' id='word_1_120' title='bbox 874 1416 1042 1469; x_wconf 85' lang='lat' dir='ltr'>oritur,</span> <span class='ocrx_word' id='word_1_121' title='bbox 1066 1416 1175 1460; x_wconf 88' lang='lat' dir='ltr'>hauc</span> <span class='ocrx_word' id='word_1_122' title='bbox 1201 1417 1389 1472; x_wconf 76' lang='lat' dir='ltr'>primum</span> 
     </span>
     <span class='ocr_line' id='line_1_18' title="bbox 152 1493 1387 1551; baseline -0.005 -9"><span class='ocrx_word' id='word_1_123' title='bbox 152 1496 493 1551; x_wconf 74' lang='lat' dir='ltr'>contemplatore</span> <span class='ocrx_word' id='word_1_124' title='bbox 539 1493 690 1540; x_wconf 85' lang='lat' dir='ltr'>deiude</span> <span class='ocrx_word' id='word_1_125' title='bbox 723 1494 775 1537; x_wconf 89' lang='lat' dir='ltr'>ab</span> <span class='ocrx_word' id='word_1_126' title='bbox 810 1505 888 1547; x_wconf 81' lang='lat' dir='ltr'>ca,</span> <span class='ocrx_word' id='word_1_127' title='bbox 931 1502 1142 1549; x_wconf 79' lang='lat' dir='ltr'>tamquam</span> <span class='ocrx_word' id='word_1_128' title='bbox 1182 1505 1235 1539; x_wconf 80' lang='lat' dir='ltr'>ex</span> <span class='ocrx_word' id='word_1_129' title='bbox 1266 1494 1387 1546; x_wconf 88' lang='lat' dir='ltr'>alto,</span> 
     </span>
     <span class='ocr_line' id='line_1_19' title="bbox 153 1571 1392 1627; baseline -0.003 -7"><span class='ocrx_word' id='word_1_130' title='bbox 153 1581 336 1620; x_wconf 81' lang='lat' dir='ltr'>mentem</span> <span class='ocrx_word' id='word_1_131' title='bbox 366 1572 583 1617; x_wconf 86' lang='lat' dir='ltr'>convertit</span> <span class='ocrx_word' id='word_1_132' title='bbox 614 1572 668 1617; x_wconf 89' lang='lat' dir='ltr'>ad</span> <span class='ocrx_word' id='word_1_133' title='bbox 713 1571 941 1616; x_wconf 80' lang='lat' dir='ltr'>humanam</span> <span class='ocrx_word' id='word_1_134' title='bbox 979 1582 1203 1624; x_wconf 83' lang='lat' dir='ltr'>naturam,</span> <span class='ocrx_word' id='word_1_135' title='bbox 1249 1582 1392 1627; x_wconf 84' lang='lat' dir='ltr'>neque</span> 
     </span>
     <span class='ocr_line' id='line_1_20' title="bbox 151 1639 1390 1707; baseline -0.003 -10"><span class='ocrx_word' id='word_1_136' title='bbox 151 1664 241 1697; x_wconf 84' lang='lat' dir='ltr'>eam</span> <span class='ocrx_word' id='word_1_137' title='bbox 267 1650 367 1696; x_wconf 79' lang='lat' dir='ltr'>foro</span> <span class='ocrx_word' id='word_1_138' title='bbox 389 1639 579 1707; x_wconf 74' lang='lat' dir='ltr'>amplIus</span> <span class='ocrx_word' id='word_1_139' title='bbox 609 1650 850 1705; x_wconf 78' lang='lat' dir='ltr'>litibusque</span> <span class='ocrx_word' id='word_1_140' title='bbox 878 1649 1081 1701; x_wconf 85' lang='lat' dir='ltr'>metitur,</span> <span class='ocrx_word' id='word_1_141' title='bbox 1115 1648 1191 1692; x_wconf 84' lang='lat' dir='ltr'>sed</span> <span class='ocrx_word' id='word_1_142' title='bbox 1219 1647 1390 1693; x_wconf 79' lang='lat' dir='ltr'>univer-</span> 
     </span>
     <span class='ocr_line' id='line_1_21' title="bbox 154 1726 1391 1787; baseline -0.002 -13"><span class='ocrx_word' id='word_1_143' title='bbox 154 1741 243 1774; x_wconf 77' lang='lat' dir='ltr'>sam</span> <span class='ocrx_word' id='word_1_144' title='bbox 266 1729 600 1785; x_wconf 87' lang='lat' dir='ltr'>complectitur,</span> <span class='ocrx_word' id='word_1_145' title='bbox 629 1728 811 1787; x_wconf 74' lang='lat' dir='ltr'>ejusque</span> <span class='ocrx_word' id='word_1_146' title='bbox 833 1728 920 1773; x_wconf 79' lang='lat' dir='ltr'>vim</span> <span class='ocrx_word' id='word_1_147' title='bbox 946 1739 995 1771; x_wconf 89' lang='lat' dir='ltr'>ac</span> <span class='ocrx_word' id='word_1_148' title='bbox 1018 1726 1268 1782; x_wconf 83' lang='lat' dir='ltr'>dignitatem</span> <span class='ocrx_word' id='word_1_149' title='bbox 1294 1736 1391 1782; x_wconf 88' lang='lat' dir='ltr'>per·</span> 
     </span>
     <span class='ocr_line' id='line_1_22' title="bbox 154 1802 1391 1862; baseline -0.002 -11"><span class='ocrx_word' id='word_1_150' title='bbox 154 1805 319 1862; x_wconf 81' lang='lat' dir='ltr'>spicere</span> <span class='ocrx_word' id='word_1_151' title='bbox 337 1804 508 1861; x_wconf 81' lang='lat' dir='ltr'>incipit.</span> <span class='ocrx_word' id='word_1_152' title='bbox 567 1803 682 1848; x_wconf 88' lang='lat' dir='ltr'>Tum</span> <span class='ocrx_word' id='word_1_153' title='bbox 716 1815 818 1848; x_wconf 82' lang='lat' dir='ltr'>vero</span> <span class='ocrx_word' id='word_1_154' title='bbox 851 1803 927 1847; x_wconf 84' lang='lat' dir='ltr'>lux</span> <span class='ocrx_word' id='word_1_155' title='bbox 953 1803 1120 1848; x_wconf 66' lang='lat' dir='ltr'>oritura</span> <span class='ocrx_word' id='word_1_156' title='bbox 1150 1802 1391 1861; x_wconf 82' lang='lat' dir='ltr'>diffugiunt</span> 
     </span>
     <span class='ocr_line' id='line_1_23' title="bbox 153 1881 1392 1939; baseline -0.001 -11"><span class='ocrx_word' id='word_1_157' title='bbox 153 1891 348 1939; x_wconf 83' lang='lat' dir='ltr'>errores,</span> <span class='ocrx_word' id='word_1_158' title='bbox 379 1883 638 1939; x_wconf 79' lang='lat' dir='ltr'>opiniones,</span> <span class='ocrx_word' id='word_1_159' title='bbox 669 1881 868 1935; x_wconf 78' lang='lat' dir='ltr'>fraudes,</span> <span class='ocrx_word' id='word_1_160' title='bbox 911 1881 1175 1927; x_wconf 79' lang='lat' dir='ltr'>calumniae=</span> <span class='ocrx_word' id='word_1_161' title='bbox 1212 1882 1392 1937; x_wconf 81' lang='lat' dir='ltr'>erigitur</span> 
     </span>
     <span class='ocr_line' id='line_1_24' title="bbox 154 1949 1392 2015; baseline -0.003 -10"><span class='ocrx_word' id='word_1_162' title='bbox 154 1962 348 2014; x_wconf 87' lang='lat' dir='ltr'>animus,</span> <span class='ocrx_word' id='word_1_163' title='bbox 379 1961 492 2015; x_wconf 58' lang='lat' dir='ltr'>leges</span> <span class='ocrx_word' id='word_1_164' title='bbox 513 1959 734 2014; x_wconf 83' lang='lat' dir='ltr'>officiaque</span> <span class='ocrx_word' id='word_1_165' title='bbox 755 1958 808 2003; x_wconf 87' lang='lat' dir='ltr'>ab</span> <span class='ocrx_word' id='word_1_166' title='bbox 847 1949 1019 2002; x_wconf 81' lang='lat' dir='ltr'>aeterno</span> <span class='ocrx_word' id='word_1_167' title='bbox 1043 1957 1282 2014; x_wconf 79' lang='lat' dir='ltr'>divinoque</span> <span class='ocrx_word' id='word_1_168' title='bbox 1308 1958 1392 2001; x_wconf 87' lang='lat' dir='ltr'>du-</span> 
     </span>
     <span class='ocr_line' id='line_1_25' title="bbox 155 2034 1397 2093; baseline -0.002 -10"><span class='ocrx_word' id='word_1_169' title='bbox 155 2039 216 2083; x_wconf 86' lang='lat' dir='ltr'>cit</span> <span class='ocrx_word' id='word_1_170' title='bbox 259 2037 484 2093; x_wconf 82' lang='lat' dir='ltr'>exemplu,</span> <span class='ocrx_word' id='word_1_171' title='bbox 527 2045 570 2080; x_wconf 87' lang='lat' dir='ltr'>et</span> <span class='ocrx_word' id='word_1_172' title='bbox 602 2037 653 2080; x_wconf 91' lang='lat' dir='ltr'>ad</span> <span class='ocrx_word' id='word_1_173' title='bbox 690 2034 995 2080; x_wconf 79' lang='lat' dir='ltr'>humanitatem</span> <span class='ocrx_word' id='word_1_174' title='bbox 1035 2044 1397 2092; x_wconf 73' lang='lat' dir='ltr'>communemque</span> 
     </span>
     <span class='ocr_line' id='line_1_26' title="bbox 158 2112 1398 2164; baseline -0.003 0"><span class='ocrx_word' id='word_1_175' title='bbox 158 2118 351 2164; x_wconf 79' lang='lat' dir='ltr'>omnium</span> <span class='ocrx_word' id='word_1_176' title='bbox 390 2115 637 2161; x_wconf 84' lang='lat' dir='ltr'>felicitatem</span> <span class='ocrx_word' id='word_1_177' title='bbox 676 2114 985 2161; x_wconf 79' lang='lat' dir='ltr'>accommodat.</span> <span class='ocrx_word' id='word_1_178' title='bbox 1045 2112 1115 2159; x_wconf 86' lang='lat' dir='ltr'>Ex</span> <span class='ocrx_word' id='word_1_179' title='bbox 1153 2114 1234 2160; x_wconf 81' lang='lat' dir='ltr'>hac</span> <span class='ocrx_word' id='word_1_180' title='bbox 1263 2115 1398 2160; x_wconf 78' lang='lat' dir='ltr'>disci·</span> 
     </span>
     <span class='ocr_line' id='line_1_27' title="bbox 159 2189 1395 2254; baseline -0.003 -13"><span class='ocrx_word' id='word_1_181' title='bbox 159 2196 279 2254; x_wconf 84' lang='lat' dir='ltr'>plina</span> <span class='ocrx_word' id='word_1_182' title='bbox 309 2195 575 2252; x_wconf 82' lang='lat' dir='ltr'>legislatores</span> <span class='ocrx_word' id='word_1_183' title='bbox 610 2193 872 2245; x_wconf 86' lang='lat' dir='ltr'>extiterunt,</span> <span class='ocrx_word' id='word_1_184' title='bbox 913 2189 1137 2247; x_wconf 84' lang='lat' dir='ltr'>Lycurgi,</span> <span class='ocrx_word' id='word_1_185' title='bbox 1179 2190 1395 2247; x_wconf 63' lang='lat' dir='ltr'>Solones,</span> 
     </span>
     <span class='ocr_line' id='line_1_28' title="bbox 158 2268 1396 2328; baseline -0.005 -10"><span class='ocrx_word' id='word_1_186' title='bbox 158 2272 358 2327; x_wconf 77' lang='lat' dir='ltr'>Numae,</span> <span class='ocrx_word' id='word_1_187' title='bbox 399 2271 694 2328; x_wconf 81' lang='lat' dir='ltr'>Pythagorae,</span> <span class='ocrx_word' id='word_1_188' title='bbox 738 2281 923 2324; x_wconf 87' lang='lat' dir='ltr'>quorum</span> <span class='ocrx_word' id='word_1_189' title='bbox 961 2268 1074 2324; x_wconf 84' lang='lat' dir='ltr'>leges</span> <span class='ocrx_word' id='word_1_190' title='bbox 1111 2276 1155 2311; x_wconf 89' lang='lat' dir='ltr'>et</span> <span class='ocrx_word' id='word_1_191' title='bbox 1185 2268 1396 2314; x_wconf 79' lang='lat' dir='ltr'>steterunt</span> 
     </span>
     <span class='ocr_line' id='line_1_29' title="bbox 159 2345 1396 2404; baseline -0.005 -8"><span class='ocrx_word' id='word_1_192' title='bbox 159 2350 430 2404; x_wconf 77' lang='lat' dir='ltr'>diutissime,</span> <span class='ocrx_word' id='word_1_193' title='bbox 460 2359 503 2393; x_wconf 87' lang='lat' dir='ltr'>et</span> <span class='ocrx_word' id='word_1_194' title='bbox 540 2347 820 2395; x_wconf 78' lang='lat' dir='ltr'>certissimam</span> <span class='ocrx_word' id='word_1_195' title='bbox 856 2346 1036 2390; x_wconf 86' lang='lat' dir='ltr'>salutem</span> <span class='ocrx_word' id='word_1_196' title='bbox 1066 2345 1239 2391; x_wconf 83' lang='lat' dir='ltr'>civibus</span> <span class='ocrx_word' id='word_1_197' title='bbox 1274 2355 1396 2403; x_wconf 72' lang='lat' dir='ltr'>prac-</span> 
     </span>
     <span class='ocr_line' id='line_1_30' title="bbox 157 2423 1398 2486; baseline -0.006 -11"><span class='ocrx_word' id='word_1_198' title='bbox 157 2428 389 2475; x_wconf 74' lang='lat' dir='ltr'>stiteruntx</span> <span class='ocrx_word' id='word_1_199' title='bbox 418 2439 471 2472; x_wconf 78' lang='lat' dir='ltr'>ex</span> <span class='ocrx_word' id='word_1_200' title='bbox 488 2427 569 2472; x_wconf 84' lang='lat' dir='ltr'>hac</span> <span class='ocrx_word' id='word_1_201' title='bbox 589 2427 702 2486; x_wconf 83' lang='lat' dir='ltr'>juris</span> <span class='ocrx_word' id='word_1_202' title='bbox 723 2425 1008 2480; x_wconf 80' lang='lat' dir='ltr'>interpretes,</span> <span class='ocrx_word' id='word_1_203' title='bbox 1033 2423 1266 2479; x_wconf 76' lang='lat' dir='ltr'>Platones,</span> <span class='ocrx_word' id='word_1_204' title='bbox 1296 2423 1398 2468; x_wconf 78' lang='lat' dir='ltr'>Ati-</span> 
     </span>
    </p>

    <p class='ocr_par' dir='ltr' id='par_1_6' title="bbox 828 2501 1401 2549">
     <span class='ocr_line' id='line_1_31' title="bbox 828 2501 1401 2549; baseline -0.003 0"><span class='ocrx_word' id='word_1_205' title='bbox 828 2501 870 2549; x_wconf 71' lang='lat' dir='ltr'>K</span> <span class='ocrx_word' id='word_1_206' title='bbox 896 2510 926 2545; x_wconf 79' lang='lat' dir='ltr'>a</span> <span class='ocrx_word' id='word_1_207' title='bbox 1306 2511 1401 2548; x_wconf 81' lang='lat' dir='ltr'>ato-</span> 
     </span>
    </p>
   </div>
  </div>
 </body>
</html>
