1624 3016
345 176 528 230 vtrA
579 174 640 225 n.
691 171 1146 227 annuatur.
1290 175 1391 240 a,

134 304 200 354 las
213 338 231 363 ‚
255 307 331 352 sed
349 306 487 351 bonae
509 304 650 361 frugis
671 305 836 360 plenas.
901 300 1063 346 Rerum
1083 301 1388 359 interpretum,

137 383 375 429 ducebatur
407 382 461 426 ab
498 381 695 426 Historia
724 388 767 424 et
790 377 1172 434 Antiquitatibus,
1198 379 1374 434 eaden,

137 474 225 516 qua
259 463 335 505 has
370 459 611 513 tractabat,
640 455 888 512 diligentia.
903 453 1125 510 frequens
1157 456 1202 500 in
1222 456 1380 511 primi·

138 547 227 583 erat
249 537 475 582 verborum
506 532 828 590 interpretatio,
857 544 946 587 qua
966 531 1146 576 Latinae
1164 535 1382 581 orationi»

138 624 332 671 potestas
353 623 396 658 et
414 625 552 666 usus,
568 622 668 655 cum
692 610 740 653 in
764 609 950 665 singulis
972 608 1188 664 vocibus,
1215 621 1307 656 tum
1325 612 1386 657 ἦα·

137 692 402 737 dictionibus
422 699 466 735 et
494 684 845 746 ebmpositioue,
877 695 921 731 ct
948 688 1219 743 grammatica
1246 691 1381 735 ratio·

138 783 194 816 ne
213 767 522 826 explicaretur,
545 776 588 810 et
608 765 816 821 exemplis
839 768 1041 812 Veterum
1063 766 1382 822 illustraretur,

137 858 179 892 et
199 843 438 902 praeceptis
458 843 784 899 observatisque
803 842 1076 899 optimorum
1094 845 1384 891 recentiorum

138 924 475 968 confirmaretur.
532 920 669 977 Igitur
700 920 954 966 fructuosae
984 931 1104 967 erant
1133 922 1212 967 hae
1247 922 1382 966 aebo-

0 1011 3 1028 ¹
79 1027 82 1033 ,
140 1001 206 1044 lae
226 1011 322 1042 cum
344 998 396 1042 ad
413 995 733 1053 intelligentiam
755 995 897 1051 ipsius
917 995 1156 1051 Annona,
1170 1006 1263 1041 tum
1281 997 1386 1041 uni·-

139 1084 263 1120 verse
284 1074 336 1119 ad
358 1085 498 1118 rerum
523 1071 743 1117 scientiam
766 1101 785 1127 ,
810 1072 1024 1128 iudicium
1058 1084 1102 1117 et
1126 1072 1383 1120 facultatem

140 1151 322 1196 Latinae
353 1149 560 1195 orationis
590 1161 640 1194 ae
666 1149 904 1204 dictionis,
933 1151 1226 1207 cognitionem
1263 1151 1384 1207 opti·

141 1238 309 1273 morum
348 1226 625 1282 interpretum
654 1236 697 1271 et
729 1226 1002 1283 Scriptorum
1034 1229 1088 1273 de
1110 1228 1382 1281 Latinitate,

141 1319 312 1353 sensum
349 1305 533 1362 denique
561 1306 703 1362 pulcri
740 1308 1000 1362 venustique
1032 1320 1122 1355 uon
1146 1321 1303 1367 vagum
1335 1317 1383 1353 et

141 1397 298 1431 vanum
315 1415 331 1438 ‚
347 1385 420 1428 sed
438 1394 600 1429 certum
622 1394 664 1429 et
688 1386 857 1431 firmum
881 1387 907 1431 a
927 1397 1048 1432 certo
1064 1387 1232 1444 judicio
1248 1396 1293 1431 et
1306 1400 1384 1431 ac·

143 1471 290 1505 curata
312 1460 582 1515 grammatica
604 1463 768 1505 ratione
790 1463 989 1510 ductum.
1049 1463 1266 1508 Auctorea
1296 1462 1383 1508 La·

144 1534 256 1588 tini,
287 1547 399 1588 quos
424 1535 469 1578 in
490 1535 561 1579 his
587 1545 784 1581 tractaret
801 1538 966 1582 scholis
979 1569 996 1594 ‚
1014 1549 1116 1584 cum
1139 1539 1213 1584 alil
1231 1548 1380 1594 erant,

114 1637 119 1644 ·
143 1623 233 1656 tum
260 1611 304 1655 in
327 1612 480 1667 primis
506 1613 762 1668 Terentius,
794 1615 1060 1672 Suetonius,
1090 1618 1194 1661 item
1218 1617 1378 1663 Cicero

143 1700 185 1733 et
212 1689 430 1743 Ovidius,
460 1690 579 1734 illius
613 1691 667 1734 ad
695 1692 936 1739 Familiares
958 1693 1217 1751 Epistulae,
1247 1695 1381 1752 huju·

143 1767 368 1812 Heroides.
428 1768 798 1815 scholasticorum
819 1772 1043 1820 bominum
1067 1788 1169 1821 cum
1190 1776 1383 1831 invidia,

144 1845 198 1888 de
210 1857 293 1899 qua
313 1857 441 1902 supra
461 1846 651 1891 diximus
666 1879 683 1902 ‚
696 1858 787 1894 tum
811 1851 1269 1910 gloriola,diacipulia
1286 1855 1382 1901 auia

145 1922 487 1976 persuadentium
518 1934 595 1968 eoa
626 1937 680 1968 ex
703 1926 901 1981 ipsorum
925 1930 1160 1987 disciplina
1178 1932 1284 1977 adeo
1302 1931 1385 1976 do·

144 2000 244 2043 ctos
276 2000 471 2054 prodire,
501 2011 551 2044 ut
576 2001 645 2045 his
678 2002 931 2051 Ruhnkenii
961 2007 1125 2053 scholis
1147 2018 1236 2052 non
1263 2019 1378 2062 opus

145 2074 372 2129 haberent,
402 2074 563 2120 factum
595 2087 686 2132 est,
730 2090 779 2123 ut
808 2083 1033 2136 pauclores
1056 2114 1073 2139 ,
1114 2096 1244 2140 quam
1281 2084 1383 2141 quis

146 2163 344 2210 putaret,
384 2157 640 2202 ventitarent
669 2169 857 2204 recentes
895 2162 920 2206 a
953 2162 1109 2219 puerili
1146 2163 1384 2210 institutio·

147 2243 203 2278 ne
232 2231 418 2287 tirones,
454 2235 678 2289 pauciores
710 2236 835 2283 etiam
873 2239 950 2295 qui
979 2240 1130 2287 harum
1153 2242 1239 2286 vim
1261 2254 1382 2301 prae·

137 2308 434 2365 astantiamque
469 2312 714 2359 scholarum
748 2325 973 2372 caperent:
1012 2328 1056 2363 nt
1094 2320 1310 2375 veterani,
1339 2330 1384 2365 et

151 2387 311 2440 exteri,
353 2388 428 2442 qui
460 2389 575 2434 haud
606 2391 898 2448 infrequentes
926 2405 1073 2451 erant,
1101 2409 1172 2443 eas
1206 2396 1383 2442 devora-

151 2463 285 2516 bant,
314 2477 391 2508 nec
417 2467 649 2523 quidquam
685 2469 958 2519 fructuosius
981 2474 1304 2531 elegantiusque
1338 2475 1384 2520 iu

152 2540 236 2586 hoc
260 2554 408 2598 genere
427 2558 476 2590 se
495 2558 676 2603 usquam
699 2549 918 2596 audivisse
933 2549 1195 2599 fatebantur.
1248 2552 1387 2606 ΒΑΝ»

1293 2630 1393 2679 den
