1624 3016
282 155 477 203 v1TA·
500 153 560 200 na
601 153 1041 203 RUHNKENH.
1198 162 1296 214 759,

43 294 133 328 non
159 280 398 338 gaudebat,
428 293 568 336 neque
590 278 859 335 exsultabat,
889 279 1024 325 veluti
1044 279 1294 326 laureolam:

44 361 90 404 in
123 367 342 403 muetaceo¹
369 371 591 412 quaerens.
652 357 876 411 Omnino,
905 370 1006 402 vere
1032 359 1294 405 sentiebat.

47 445 96 480 ut
123 437 360 490 sentiebat,
401 436 460 480 ita
488 435 775 492 loquebatur:
818 440 868 478 'ut
902 435 1185 491 loquebatur,
1213 436 1275 481 ita

42 514 272 561 scribebat.

100 588 256 644 Neque
282 602 384 635 uero
406 588 514 634 lenis
551 589 750 633 lentueve
769 586 817 633 in
841 587 1006 643 agendo
1029 587 1274 643 progredie-
1311 587 1319 627 ὸ

44 670 198 715 batur:
231 670 306 718 sed
329 669 403 714 illa
423 666 619 713 veritatis
641 665 910 721 impulsione
941 676 984 710 et
1004 667 1272 712 vehementer

44 750 312 805 excitabatur
334 750 387 793 ad
411 748 482 802 id,
513 747 632 802 quod
665 754 824 791 rectum
849 742 1180 800 faciendumque
1207 747 1278 804 ju·

49 825 265 879 dicasset,
295 823 632 881 capessendum:
664 821 708 880 in
740 833 879 878 eoque
905 823 1179 877 exsequendo
1213 821 1278 867 fe-

45 901 216 945 rebatur
244 913 343 944 cum
387 899 581 954 impetu,
611 898 747 942 donec
772 898 1047 952 propositum
1075 895 1279 952 perfecis-

47 988 138 1024 setz
170 978 515 1035 Chaerephontis
542 978 700 1033 (100)
729 973 940 1020 Socratici
971 974 1156 1028 similia,
1173 980 1283 1032 σφο-

46 1057 131 1112 δρὸς
159 1056 232 1114 ἐφ’
260 1055 312 1111 ὅ,
353 1073 392 1102 re
419 1057 638 1111 δθμῆσειε,
678 1054 904 1098 vehemens
941 1051 987 1096 in
1024 1063 1284 1107 persequen-

47 1136 136 1188 do,
166 1134 287 1189 quod
320 1142 491 1188 peteret.
551 1130 708 1195 Qualis
741 1130 786 1173 in
819 1128 1061 1173 Literarum
1091 1129 1280 1183 studiis,

48 1212 146 1256 talia
170 1211 216 1254 in
240 1210 474 1254 amicorum
496 1205 711 1262 negotiis:
743 1206 896 1248 horum
918 1205 1159 1251 commodis
1177 1219 1284 1251 con-

51 1288 191 1334 tulere
220 1285 583 1343 jucundissimum
601 1282 788 1327 laborem
805 1266 1032 1337 censebat,
1055 1296 1180 1338 quem
1196 1286 1290 1329 u'e-

50 1377 106 1421 pe
142 1366 284 1418 ultro,
326 1375 404 1407 nec
443 1371 648 1416 rogatus,
689 1359 951 1416 susciperett
995 1370 1200 1415 rogatus,
1242 1361 1284 1404 ai

48 1437 278 1496 gratificari
312 1449 401 1481 non
422 1445 604 1492 posset,
633 1434 814 1479 candide
835 1434 1075 1480 fatebaturz
1109 1438 1147 1480 si
1173 1450 1281 1492 pos·

50 1526 118 1562 set
133 1547 150 1568 ,
174 1526 345 1570 operam
369 1526 489 1557 suam
515 1523 557 1556 et
582 1512 781 1556 benivole
796 1512 1075 1567 promittebat
1087 1545 1105 1567 ‚
1122 1524 1165 1557 et
1182 1527 1299 1570 prov

50 1594 224 1640 missam
266 1602 412 1636 sancte
458 1590 715 1645 praestabat.
785 1573 918 1646 Quae¹
942 1602 1068 1646 opera
1091 1621 1109 1644 ‚
1151 1600 1202 1635 ut
1235 1591 1283 1636 in

48 1667 146 1714 aliis
175 1666 327 1712 multis
359 1666 487 1710 rebua
504 1695 521 1718 ‚
550 1664 610 1708 ita
632 1665 678 1709 in
701 1676 754 1707 eo
777 1664 961 1709 maxime
991 1676 1155 1709 versata
1179 1676 1283 1721 eat,

50 1753 103 1788 ut
130 1755 210 1788 sua
227 1739 596 1787 commendatione
618 1738 816 1785 homines
838 1739 1017 1785 idoneos
1048 1740 1215 1786 idoneis
1237 1742 1283 1786 in

51 1819 303 1866 muneribus
324 1826 503 1875 poneret
515 1846 534 1872 ,
565 1815 729 1871 quibua
746 1826 920 1863 strenue
938 1818 1287 1863 administrandis

52 1908 95 1945 et
117 1896 202 1952 ipsi
226 1895 312 1941 sibi
346 1895 511 1939 laudem
547 1891 856 1947 fortunamque
887 1906 1110 1949 parerent,
1141 1907 1184 1940 et
1210 1910 1287 1952 pa·

51 1975 157 2021 triae
171 1972 345 2030 publice
363 1970 651 2028 privatimque
665 1972 890 2015 utilitatem
906 1972 1132 2019 adferrent.
1166 1974 1289 2021 Lon-

52 2062 186 2106 gum,
214 2062 292 2096 nec
315 2061 455 2104 opus,
487 2058 553 2093 est
577 2060 823 2102 recensere,
853 2061 980 2103 quam
1014 2052 1165 2096 multis
1190 2054 1287 2110 ejus

53 2129 266 2184 profuerit
293 2129 636 2174 commendatio:
685 2141 819 2175 unum
849 2130 980 2185 huJ'us
1019 2133 1185 2187 generis
1220 2136 1289 2178 lo·

51 2218 154 2252 cum
195 2208 419 2262 praeterire
452 2219 634 2262 nequeo.
711 2207 900 2252 Constat
938 2207 1242 2256 Ruhnkenium
1265 2242 1284 2267 ,

55 2295 146 2331 non
167 2284 296 2329 modo
323 2282 649 2337 Professorem,
678 2283 755 2327 aed
776 2283 915 2328 adhuc
949 2284 1187 2339 privatum,
1221 2288 1287 2330 vi-

55 2372 201 2406 rorum
226 2362 271 2406 in
301 2374 346 2406 re
376 2361 551 2418 publica
581 2362 853 2418 principum,
883 2362 1102 2429 hujusque
1122 2363 1291 2409 Acade·

1185 2455 1295 2489 miae

107 2555 133 2609 (
149 2556 254 2611 100)
272 2558 388 2609 Apud
407 2559 600 2601 Platonem
615 2559 656 2602 iu
674 2558 868 2607 Apologia
883 2557 1044 2602 Somne
1059 2569 1101 2610 p.
1118 2560 1195 2609 360
1206 2587 1219 2608 ,
1240 2561 1291 2604 c.

683 2630 718 2677 B
734 2630 759 2676 b
771 2630 799 2676 b
838 2643 869 2685 4
1270 2647 1275 2649 “
