1624 3016
335 162 797 230 ,mmm-uaeas
825 164 1145 220 emeat.
1259 171 1358 245 2⁸³

132 290 257 354 hanc
283 287 605 341 Bibliothecatn
639 292 911 339 scribendam
942 294 1131 339 anImum
1172 294 1368 353 adjicere·

117 366 262 427 janus,
306 373 440 439 legem
475 369 604 439 nobis
644 369 864 424 diximus,
912 378 964 413 ut
1006 370 1058 413 de
1091 367 1292 417 laudibus
1324 378 1370 418 et

132 450 255 496 vitiis
287 450 493 493 librorum
524 438 832 504 exponeremus
863 447 1034 500 libere,
1073 458 1198 502 vere,
1226 460 1268 494 ct
1301 461 1372 507 ac·

134 538 298 573 curate.
355 527 495 587 Quam
519 527 652 580 legem
685 534 735 569 ut
758 532 906 590 sancte
929 535 1222 579 servaremus,
1253 525 1376 571 omni

132 607 316 667 'quidem‘
342 617 468 661 opera
498 601 659 646 efficere
689 601 969 646 studuimusz
1005 613 1058 644 an
1080 599 1374 657 effecerimus,

137 699 229 731 non
261 694 326 729 est
356 693 551 730 nostrum
590 689 805 734 statuere,
834 690 974 745 neque
1003 692 1183 736 eorum,
1215 682 1288 737 qui
1323 684 1376 728 de

135 763 265 808 nobis
296 748 551 818 queruntur.
610 759 807 818 Integros
841 767 884 803 et
917 759 1146 814 prudentes
1186 762 1378 826 appella·

135 848 233 886 mus
261 836 444 897 judices.
514 837 685 884 Horum
718 832 968 897 sententia,
1005 842 1045 884 si
1085 840 1193 895 quid
1224 841 1375 898 inique

134 927 212 963 aut
241 911 356 973 falso
382 916 673 972 scripsimus,

192 1055 310 1067 -—
326 1036 468 1080 ταῦτα
489 1029 528 1079 δ’
547 1032 709 1079 ἔνασθεν
727 1028 985 1088 incedatur,
1005 1032 1082 1080 εἵη
1102 1034 1230 1080 aab
1249 1036 1323 1082 νῦν

186 1110 355 1165 mmm
372 1119 383 1131 ·
419 1109 521 1155 τάδε
560 1109 699 1154 πάντα
737 1108 814 1156 θεοὶ
844 1112 1094 1165 μεταμέλει
1131 1113 1232 1159 Oeten
1245 1118 1261 1140 ⁶

134 1220 295 1283 Quoad
331 1238 436 1282 vero
469 1236 548 1270 nec
584 1224 650 1268 illi
687 1232 838 1271 contra
870 1237 954 1271 nos
988 1227 1302 1285 judicaverint,
1336 1238 1381 1274 et

135 1302 226 1360 ipsi
265 1304 394 1350 nobis
421 1312 553 1348 testes
590 1304 757 1357 simus,
801 1307 974 1359 omnia,
1018 1318 1130 1363 quae
1159 1307 1380 1364 diximus,

138 1391 192 1428 ex
226 1380 419 1426 veritatis
438 1379 607 1430 ,studio
638 1379 830 1437 profecta
863 1394 984 1437 esse,
1024 1395 1115 1429 non
1153 1394 1219 1429 est
1256 1382 1379 1440 quod

138 1471 363 1518 perperam
389 1471 472 1504 nos
497 1457 652 1504 fecisse
674 1456 896 1505 fateamur.
957 1459 1042 1505 Sed
1070 1461 1285 1518 eiusmodi
1310 1470 1378 1509 cst

138 1537 441 1594 plerorumque
461 1534 709 1592 ingenium,
741 1548 790 1582 ut
814 1551 893 1583 sua
927 1538 1110 1585 maxime
1142 1536 1379 1602 mirentur,

138 1625 280 1669 neque
298 1613 367 1659 vel
389 1613 496 1657 bene
512 1611 725 1659 sactorum
755 1614 920 1660 laudem
951 1615 1060 1660 satis
1093 1615 1275 1673 amplam
1300 1617 1381 1663 tri·

102 1695 119 1732 “.
138 1687 285 1735 butam
325 1687 410 1735 sibi
455 1687 581 1734 facile
622 1689 911 1750 arbitrentur,
961 1692 1032 1736 vel
1076 1694 1380 1749 aequissimam

136 1779 270 1812 secus
311 1766 525 1812 factorum
578 1765 950 1822 reprehensionem
1013 1766 1164 1815 leniter
1219 1768 1375 1818 ferant.

138 1842 256 1888 Hine
284 1850 379 1895 est,
411 1842 530 1896 quod
560 1842 628 1886 vir
655 1824 830 1897 quidam
853 1843 1011 1888 doctus
1036 1844 1217 1892 moleste
1244 1846 1375 1902 tulit,

138 1919 246 1964 vitia
270 1920 472 1974 quaedam
493 1918 594 1964 libri
615 1920 667 1965 ab
690 1933 740 1964 eo
770 1918 875 1966 editi
898 1927 1228 1969 commemorata
1250 1936 1371 1969 essex

79 2040 82 2041 γ
138 2008 430 2052 quamquam,
454 2006 496 2040 et
520 1997 662 2052 ipsius
683 1999 795 2054 viri,
826 2008 867 2044 et
893 1998 1023 2055 libri,
1054 2002 1202 2047 laudes
1224 2000 1377 2048 lnben-

139 2084 205 2119 ter
234 2081 275 2120 et
310 2073 546 2119 honorifice
569 2076 921 2134 praedicavimus.
980 2077 1092 2132 Sed,
1122 2089 1164 2123 et
1198 2079 1299 2136 hic,
1333 2090 1377 2128 et

140 2152 330 2207 reliqui,
353 2154 547 2197 desinent
567 2154 697 2199 nobis
718 2151 848 2200 irasci
862 2185 877 2208 ‚
891 2167 1035 2212 *quum
1061 2154 1378 2214 intellexerint,

142 2229 207 2274 nil
238 2243 262 2274 a
296 2230 424 2275 nobis
459 2239 611 2275 temere
643 2237 719 2274 ant
751 2233 988 2287 malevole,
1018 2232 1159 2290 omnia
1186 2233 1376 2282 veritatis

140 2316 187 2350 et
218 2306 453 2351 litterarum
487 2319 672 2363 caussa,
701 2310 816 2354 dicta
850 2323 956 2356 esse.
1014 2310 1147 2369 Quod
1177 2310 1377 2367 profecto

136 2383 381 2444 intelligent
397 2419 412 2440 ,
436 2387 474 2431 si
495 2398 895 2444 censurasenostras
913 2394 1108 2433 accurate
1129 2388 1382 2445 relegerint,

137 2474 282 2519 neque
319 2465 404 2524 ipsi
428 2478 473 2511 se
499 2466 679 2512 nimium
712 2466 959 2516 amaverint.
1015 2466 1078 2513 Et
1105 2464 1383 2524 quandoqui-

777 2542 875 2590 La
1283 2542 1386 2594 den
