1624 3016
346 183 524 234 VITA
571 187 630 232 D.
682 181 1125 231 RUHNKENII.
1267 196 1352 241 571

128 325 223 364 rum
250 326 416 366 rerum,
449 311 609 366 quibus
644 299 919 366 prop'oaitum
955 320 1068 365 opus
1102 317 1289 354 ornetur·
1315 318 1378 355 et.

128 394 442 447 locupletetur3
475 402 607 444 quum
632 388 742 432 inter
771 386 995 443 legendum
1016 385 1227 430 continuo
1252 385 1380 431 inci-n

130 471 272 516 dimus
299 471 343 514 in
370 481 498 514 voces
514 499 531 522 ,
560 466 772 512 dictiones
789 495 806 519 ‚
836 464 1074 519 historias,
1116 465 1160 509 in
1200 467 1313 510 libro
1336 468 1374 513 ὼ

131 551 262 596 nobis
287 548 447 593 edendo
477 547 575 591 item
608 544 828 600 proditam
856 555 992 598 quum
1025 543 1228 586 similium
1254 544 1377 588 mul-s

138 635 282 670 torum
307 622 626 679 comparatione
656 621 884 672 locorum,
915 619 999 663 vim
1034 632 1250 674 uaumque
1275 634 1373 665 ver.

133 700 294 745 borum
312 699 639 752 dictionumque
659 694 999 747 constituimus,
1028 704 1232 748 corrupta
1254 695 1377 739 sani..

137 779 217 822 tati
252 777 544 827 restituimus,
576 775 815 828 ignotarum
855 781 1059 825 parumve
1093 770 1369 825 cognitarum

136 866 191 899 ex
212 852 328 898 omni
355 849 608 900 Hiatoriaet
632 847 902 903 Antiquitate
918 859 1055 891 rerum
1078 846 1374 902 reliquiarum.

138 941 225 984 que
247 929 442 975 notitiam
465 925 774 983 patefacimuaz
804 937 915 981 quae
935 925 1079 970 omnia
1102 937 1178 982 per
1200 938 1379 973 accura-

136 1015 222 1052 tam
235 1006 459 1052 lectionem
483 1015 523 1049 et
546 1005 862 1049 annotationem
887 1013 1046 1061 sponte
1061 1015 1111 1049 ac
1132 1002 1219 1049 sub
1242 1017 1377 1052 manu

136 1095 390 1130 nascuntur.
424 1082 671 1127 Ruhnkenii
695 1081 902 1127 Timaeus
926 1093 1016 1127 non
1042 1083 1170 1127 modo
1190 1082 1377 1139 insigni-

138 1162 224 1206 bus
255 1171 297 1206 et
317 1160 653 1207 absolutissimis
680 1160 732 1203 ab
755 1160 874 1203 illius
899 1160 1076 1214 ingenio
1092 1160 1378 1215 doctrinaque

143 1238 432 1283 adfluentibus
456 1235 599 1291 copiis
620 1245 798 1280 ornatus
822 1235 1006 1291 prodiitt
1030 1237 1104 1280 aed
1121 1237 1378 1292 peculiarem

142 1316 266 1361 etiam
298 1329 346 1361 ac
383 1314 653 1371 praeeipuam
687 1313 838 1357 habuit
868 1314 1156 1358 accessionem
1185 1314 1382 1359 suavita·

140 1393 232 1447 tia,
260 1405 358 1437 cum
385 1394 438 1437 ab
459 1391 599 1447 ipsius
629 1391 805 1435 editoris
830 1391 1003 1445 indole,
1035 1392 1377 1447 consuetudine.

142 1482 185 1515 et
205 1472 431 1524 facultate,
450 1451 543 1513 tum¹
563 1471 588 1515 i
609 1469 708 1513 libri
726 1478 1004 1525 argumente,
1026 1467 1262 1523 profectae.
1294 1470 1381 1514 Ar·

142 1558 393 1605 gumentum
420 1557 616 1591 versatur
647 1547 691 1590 in
716 1546 907 1591 Platonis
930 1546 1148 1600 dictione,
1179 1558 1286 1602 quae
1318 1547 1375 1591 ab

142 1625 262 1672 omni
283 1637 389 1671 aevo
412 1630 454 1669 et
476 1626 694 1669 nominata
708 1634 759 1689 &et
783 1624 926 1668 habita
948 1634 1014 1667 eat
1045 1623 1219 1678 divina;
1251 1624 1382 1680 quipa

144 1715 200 1760 pe
231 1703 289 1748 ita
310 1712 352 1746 et
371 1701 600 1747 verborum
623 1702 792 1746 delectu
819 1711 861 1745 et
884 1700 1220 1755 compositionis
1246 1701 1381 1746 ratio·

145 1793 199 1827 ne
216 1778 398 1826 formata
410 1809 428 1832 ‚
457 1779 752 1833 omnibusque
772 1772 1042 1835 eloquentiae
1057 1778 1299 1824 luminibus
1315 1779 1382 1823 di-

143 1857 334 1911 atincta;
365 1864 414 1899 ut
446 1855 658 1911 triplicem
690 1855 807 1900 illam
833 1856 1041 1900 orationis
1076 1856 1256 1911 dotem,
1286 1868 1386 1911 per·

146 1931 419 1987 apicuitatem
436 1931 482 1976 in
502 1933 725 1986 docendo,
747 1943 1011 1977 venustatem
1031 1933 1078 1977 in
1099 1935 1381 1988 delectando,

149 2009 398 2065 gravitatem
427 2008 472 2052 in
492 2010 832 2063 commovendO,
863 2022 980 2055 unus
1002 2011 1196 2055 omnium
1222 2011 1266 2055 in
1289 2019 1386 2058 ‘toti

146 2086 403 2140 antiquitate
427 2086 606 2131 maxime
627 2088 838 2142 tenuerit,
867 2098 910 2132 et
933 2101 1064 2134 unum
1094 2091 1207 2146 apud
1234 2098 1383 2146 poste·

150 2175 226 2209 ros
247 2162 377 2219 hujus
404 2163 541 2207 laudis
565 2162 735 2208 socium
767 2162 966 2208 habuerit
990 2164 1261 2213 Ciceronem.
1322 2164 1383 2212 Et

151 2240 299 2296 prouti
320 2239 531 2294 Latium,
546 2241 622 2294 qui
648 2251 748 2295 post
767 2241 1021 2286 Ciceronem
1046 2241 1248 2296 fuerunt,
1271 2242 1390 2289 Scri·

151 2327 328 2373 ptores,
357 2317 443 2362 nisi
475 2319 587 2364 lecto
617 2318 858 2373 Cicerone,
889 2328 1004 2362 recte
1037 2318 1274 2375 intelligere
1313 2330 1388 2363 ne·

154 2405 228 2438 mo
249 2404 419 2447 potest:
454 2404 557 2448 aut,
591 2404 640 2438 ut
666 2395 863 2449 exemplo
897 2393 1032 2449 magis
1057 2394 1111 2438 ad
1135 2394 1386 2449 popularem

148 2479 330 2525 captum
360 2473 684 2517 accommodato
722 2483 842 2527 utar,
873 2472 1022 2527 prouti
1044 2471 1388 2516 Patrem-Eccle-

143 2545 380 2596 ciasticum
409 2560 535 2595 nemo
562 2548 797 2605 intelligit,
836 2548 924 2595 nisi
963 2548 1043 2605 qui
1070 2559 1217 2598 sacros
1251 2546 1388 2591 libros

1351 2632 1403 2671 m
