1624 3016
307 148 398 203 '436
452 135 793 189 PRAEFATIO
819 132 1431 189 ANmADvssnsmmm

314 269 441 314 finem
478 264 623 322 operis
665 259 882 320 rejiciendi
910 270 1040 317 suut,
1069 266 1242 320 quando
1270 277 1361 314 nou
1406 261 1554 313 mu

316 342 450 386 simul
478 350 598 393 agere
625 347 879 393 possumus.

375 417 600 462 Caeterum
615 445 633 469 ,
663 414 934 458 dissimulare
965 425 1055 460 non
1078 427 1291 472 possum,
1319 431 1387 464 me
1410 419 1456 465 iu
1479 420 1553 466 In-

317 493 621 552 terpretatlone
657 491 800 536 minus
836 492 960 536 etism
1005 505 1133 547 quam
1168 493 1212 537 in
1244 494 1551 543 emmennone

322 571 430 617 mihi
466 568 761 623 satisfecisse,
793 570 1016 626 magisque
1049 571 1154 615 adeo
1186 579 1315 626 quam
1341 583 1460 620 autu
1477 578 1551 632 jn.

319 649 439 694 dices
470 659 632 702 aequos
667 656 708 692 st
740 648 794 692 sd
822 647 1137 703 ignoscendum
1166 647 1316 694 faciles
1339 662 1556 705 quaerut.

304 726 465 783 'Cuius
488 725 662 780 quidem
687 723 746 768 rei
769 724 876 768 duae
898 734 1003 769 sunt
1027 737 1230 770 caussaet
1251 725 1410 781 altera,
1432 726 1555 783 quod

320 805 369 849 in
395 801 625 858 specimine
660 801 865 845 editionis
898 798 1202 855 Plutarchesc‚
1233 802 1407 857 prodito
1433 801 1574 860 Pam„

321 879 393 934 11,
422 878 672 924 Voluminis
693 878 755 922 111
779 872 1071 923 Bibliothecae
1091 878 1311 935 Criticae,
1340 875 1393 924 de
1421 880 1562 924 luter-

322 955 562 1011 pretatione
603 953 783 998 nimium
829 953 1045 1009 quoddam
1085 954 1312 1010 professus
1349 968 1475 1011 sum,
1516 965 1563 1002 et

324 1041 535 1088 quantum
564 1043 587 1073 a
611 1039 679 1073 me
702 1029 906 1084 praestari
931 1028 1125 1084 efficique
1137 1041 1226 1075 non
1248 1041 1426 1087 posset,
1443 1040 1562 1076 nunc

323 1112 492 1155 demum
531 1107 626 1162 ipse
659 1105 924 1162 intelligam:
954 1107 1115 1160 altera,
1159 1105 1279 1161 quod
1311 1105 1566 1165 Interpreta-

325 1187 469 1237 tionis,
488 1198 615 1241 quam
643 1183 973 1229 Emendationis
1003 1195 1233 1228 successus
1257 1184 1394 1240 magis
1414 1183 1460 1228 in
1482 1196 1565 1229 no-

326 1271 418 1306 stra
443 1270 659 1316 potestate
678 1260 814 1316 vulgo
833 1269 1061 1314 censetur,
1091 1268 1222 1314 atque
1244 1259 1406 1305 idcirco
1434 1260 1564 1316 aequl

326 1337 456 1382 etiam
475 1336 644 1393 judices
666 1335 721 1386 ab,
739 1335 980 1380 editoribus
1010 1337 1112 1391 plus
1138 1336 1183 1380 in
1208 1335 1564 1392 Interpretatioue

329 1427 459 1471 quam
487 1413 800 1460 Emendatione
827 1423 1071 1469 exspectare
1091 1421 1140 1457 ac
1159 1413 1381 1468 postulare
1402 1414 1564 1459 solent.

324 1491 529 1549 Utraque
549 1505 702 1538 caussa
727 1491 975 1549 cujusmodi
993 1491 1053 1536 sit
1074 1490 1317 1547 explicare,
1342 1501 1568 1549 argumen-

329 1572 426 1616 tum
457 1569 564 1616 mihi
594 1570 725 1627 hujus
751 1566 1033 1615 Praefationls
1060 1569 1158 1614 erit.

390 1656 488 1698 Τῦν
516 1651 640 1698 ὄντων
666 1652 725 1698 τὸ
756 1649 832 1707 μὶν
862 1651 937 1709 1Φ’
958 1651 1052 1706 ἡμῖν
1065 1680 1083 1704 ,
1106 1652 1164 1697 τὸ
1192 1649 1231 1697 ³⁹
1249 1652 1324 1698 οὐκ
1353 1652 1424 1707 ἐφ’
1449 1651 1568 1707 siurb-

332 1728 425 1776 Res
445 1730 565 1775 aliae
587 1732 636 1773 t'n
659 1739 810 1774 nostra
832 1739 932 1774 sunt
947 1738 1187 1789 potestate,
1201 1729 1320 1774 altae
1339 1744 1424 1775 non
1445 1734 1570 1775 itemt

334 1817 387 1851 ut
407 1818 472 1863 est
503 1805 550 1852 in
574 1806 821 1853 Stoicorum
858 1806 1018 1852 initiis.
1077 1803 1336 1852 Emendatio
1359 1820 1383 1852 e
1405 1803 1573 1865 duplici

332 1884 631 1941 proficiscitur
661 1884 805 1929 fonte:
849 1885 1013 1939 altero,
1045 1882 1254 1928 librorum
1290 1883 1574 1929 auctoritate:

333 1963 502 2016 altero,
532 1961 804 2019 coniecturae
823 1959 1144 2017 probabilitate.
1205 1958 1450 2015 Utriusque
1472 1973 1575 2004 suc-

333 2051 488 2085 cessus
520 2039 744 2083 maximam
782 2026 947 2094 partem
977 2036 1024 2081 in
1055 2031 1259 2082 felicitate
1292 2034 1472 2093 quadam
1507 2048 1577 2084 est

333 2118 515 2174 positus
530 2126 549 2159 τ
573 2127 654 2160 nec
682 2124 789 2166 suut
820 2114 911 2161 fere
930 2114 1166 2159 industriae
1198 2123 1341 2170 partes
1363 2114 1449 2159 nisi
1470 2115 1576 2171 hae,

338 2204 393 2237 ut
431 2200 473 2237 et'
504 2193 598 2238 vias
624 2192 788 2248 quibus
815 2191 957 2238 bonos
993 2192 1133 2237 libros
1165 2191 1463 2236 nanciscamur
1480 2193 1579 2238 dili.

337 2279 486 2327 genter
521 2282 860 2327 persequamur,
898 2281 941 2314 et
993 2269 1158 2326 ingenii
1191 2268 1419 2314 facultates
1460 2279 1578 2312 exer-

276 2400 279 2402 ,
337 2357 515 2390 ceamus
550 2333 840 2412 acuamusque
874 2358 944 2391 ess
989 2346 1151 2402 quibus
1183 2348 1428 2404 coniectura
1461 2345 1579 2400 pari-

276 2461 281 2465 .
341 2429 440 2465 tur:
474 2424 602 2479 cuius
623 2423 854 2479 utriusque
872 2436 1049 2480 operae,
1069 2418 1266 2480 quamvis
1285 2419 1574 2480 necessariae,

335 2508 579 2569 *successus
624 2511 692 2546 est
728 2501 937 2548 incertus.
1004 2500 1300 2559 Interpretstio
1339 2501 1387 2547 in
1426 2512 1580 2548 nostn

1506 2590 1580 2624 es·
