1624 3016
336 168 423 234 3⁶⁶
549 157 724 212 νιτΛ
775 156 846 208 n:
887 159 1351 218 Ruunxssmrz

328 291 468 336 Tanta
496 281 584 331 erat
615 285 834 330 doctrinae
868 285 1066 342 ubertas,
1103 294 1220 334 tanta
1250 283 1473 338 'interioris
1504 301 1558 339 et

325 365 564 421 exquisitae
603 363 781 409 scientia
819 362 1007 408 Graecae
1055 365 1251 421 linguae,
1303 368 1433 415 dueta
1475 371 1550 415 illa

329 453 427 487 cum
458 454 507 485 ex
531 452 725 486 accurata
748 440 1043 495 grammaticae
1066 441 1244 486 rationis
1268 451 1310 488 et
1333 446 1547 502 originum

327 518 633 575 intelligentia,
655 528 743 561 tum
771 519 795 563 e
815 518 1022 563 continua
1042 518 1312 574 Scriptorum
1341 522 1551 578 lectione,

322 608 417 643 tum
460 609 512 641 ex
543 595 717 640 assiduo
754 594 1009 641 Lexicorum
1031 626 1048 649 ,
1089 594 1326 652 Hesychii,
1368 596 1554 653 Salike,

325 671 578 729 Etymologi
607 702 623 726 ‚
671 670 906 725 Pollucis,
957 672 1228 727 aliorumque
1275 673 1466 719 omnium
1503 682 1568 735 a,

324 750 716 797 Grammaticorum
753 759 797 794 et
826 750 1157 795 Scholiastarum
1191 763 1304 806 usu3
1338 760 1388 796 ut
1419 753 1467 797 in
1497 745 1563 799 ib·

321 827 388 874 nil
416 837 500 871 tam
537 827 728 871 abditum
764 836 808 871 et
837 827 1140 882 obliteratum,
1169 830 1337 874 nullum
1368 826 1453 874 tlmv
1489 821 1559 873 reo'

323 905 547 951 conditum
580 912 693 947 esset
719 903 943 947 latibulum
967 935 983 957 ‚
1011 905 1133 959 quod
1161 905 1253 962 eius
1285 906 1417 949 aciem
1450 902 1563 949 effu·

331 994 472 1040 geret-2
519 990 635 1024 tanta
669 990 756 1023 crat
795 980 1020 1036 indagandi
1061 981 1301 1037 sagacitas,
1338 980 1561 1039 Judlundl

325 1059 579 1113 subtilitas,
625 1057 869 1102 inveniendi
904 1057 1106 1113 solertia;
1145 1068 1195 1102 ut
1223 1060 1398 1115 spurios
1428 1069 1564 1114 quoa·

323 1150 407 1194 que
437 1147 479 1181 et
511 1146 746 1191 corruptos
781 1136 934 1190 locos,
974 1148 1073 1180 cum
1105 1136 1454 1181 animadverteret
1487 1146 1563 1182 een·

322 1216 521 1267 lert-ime,
551 1222 643 1257 tum
672 1213 911 1258 emendaret
943 1211 1207 1259 felicissime.
1274 1214 1452 1271 Quibus
1476 1213 1561 1258 do·

330 1294 455 1338 tibus
481 1303 528 1336 ut
553 1292 759 1346 aequabat
790 1291 1007 1347 principes
1042 1290 1264 1346 Criticos,
1293 1290 1351 1335 ita
1381 1293 1554 1336 eosdem

322 1371 503 1429 proptia
533 1370 713 1425 quadam
749 1369 853 1414 dote
882 1369 1108 1425 superabat
1145 1381 1223 1422 ea,
1264 1369 1383 1424 quod
1418 1368 1560 1424 ipsius

323 1447 437 1493 'ratio
465 1456 505 1490 et
528 1447 667 1492 oratio
690 1444 853 1501 integra
877 1455 918 1489 et
941 1445 1144 1490 immunis
1167 1454 1282 1489 esset
1303 1445 1356 1489 ab
1376 1445 1448 1490 illa
1468 1457 1561 1492 non

324 1524 458 1569 modo
491 1522 808 1576 scribentium,
847 1522 921 1566 aed
947 1520 1129 1566 omuino
1158 1522 1384 1566 doctorum
1420 1520 1566 1567 homi-1

323 1616 461 1658 num,
491 1603 614 1658 labe,
648 1614 775 1657 quam
801 1601 1083 1658 paucissimi,
1114 1614 1227 1656 quos
1257 1614 1422 1658 aequus
1443 1615 1559 1647 ama·

323 1682 389 1728 vit
403 1682 603 1739 Jupiter,
632 1681 765 1724 vitare
796 1687 1015 1735 possunt,
1045 1690 1173 1733 quam
1205 1678 1360 1724 Graeci
1387 1681 1435 1727 τῦ
1457 1686 1557 1736 Φορ-

324 1760 462 1812 m,
500 1755 647 1799 Latini
683 1755 930 1808 molestum,
970 1756 1126 1809 eredo,
1154 1765 1343 1811 vocant;
1373 1765 1474 1811 quo·
1494 1757 1562 1803 ei-

327 1835 556 1893 gnificatur
601 1833 817 1887 quidquid
856 1832 986 1877 nimis
1035 1842 1101 1876 est
1144 1834 1422 1889 quaesitum,
1461 1847 1563 1882 eoa-

325 1921 476 1964 ctum,
519 1908 796 1962 affectatum,
837 1907 1074 1963 frigidum,
1106 1920 1383 1967 tortuosum,
1415 1913 1560 1968 impli-

326 2000 471 2033 catum
488 2019 505 2042 ‚
535 1987 775 2042 ingratum:
796 2000 980 2041 quorum
1006 1988 1048 2032 in
1071 1989 1254 2044 aliquam
1277 2002 1436 2047 partem
1460 1991 1561 2048 quis

326 2077 419 2112 non
447 2063 680 2118 aliquando
704 2064 856 2108 incidit
883 2064 1113 2110 scribens?
1172 2066 1418 2113 Ruhnkenii
1449 2069 1559 2114 scri-

325 2140 426 2198 ptio
454 2139 507 2183 ab
542 2138 640 2194 ipsa
671 2149 823 2183 natura
850 2140 902 2182 ad
929 2141 1181 2194 elegantiam
1209 2140 1322 2188 facta
1351 2143 1556 2191 formata-

330 2227 415 2270 que
446 2222 561 2258 erat:
606 2226 683 2269 per
717 2222 850 2257 totam
897 2214 1084 2260 diffusus
1121 2217 1292 2272 quidam
1324 2229 1367 2264 et
1397 2216 1566 2277 peraps-

327 2292 508 2336 cuitatis
526 2292 689 2335 candor
710 2301 752 2335 et
767 2292 971 2347 antiquae
987 2295 1226 2338 venustatis
1246 2296 1394 2352 vigor,
1409 2296 1564 2343 naim.

330 2367 501 2413 keniani
540 2367 702 2421 ingenii
737 2366 983 2412 felicitatem
999 2400 1017 2424 ,
1045 2369 1291 2416 facilitatem
1306 2404 1324 2426 ,
1353 2373 1563 2430 simplici·

336 2454 494 2497 tatem,
523 2455 703 2498 prorsus
724 2454 766 2488 et
790 2444 994 2490 referebat
1016 2456 1058 2490 et
1083 2449 1357 2503 exprimebau
1438 2473 1448 2483 ·

324 2542 352 2561 -.
397 2520 511 2574 Sed,
542 2529 592 2563 ut
628 2523 726 2577 quis
759 2524 935 2569 mitetur
962 2534 1119 2571 tantam
1154 2525 1371 2571 doctrinae
1388 2527 1558 2583 copiam

1495 2605 1563 2651 fi-
