1624 3016
267 166 446 213 VITA
492 162 551 208 D.
603 156 1047 208 RUHNKENII.
1183 159 1272 212 7⁵2

90 292 272 340 Eramus
302 289 534 345 aliquando
556 285 803 341 complures
831 283 947 338 'apud
973 291 1096 333 eum,
1123 288 1168 323 et
1192 278 1260 324 in-

26 380 95 416 fler
129 368 490 414 confabulandum
531 364 746 409 incidebat
779 361 1014 406 Villoisoni
1056 358 1218 403 mentio
1240 389 1260 414 ,

28 456 323 503 quantumque
353 445 391 488 is
425 444 477 488 de
505 442 663 486 Literis
697 448 893 483 mereret:
925 447 1016 480 tum
1050 437 1148 490 ille,
1179 435 1266 479 Est

27 534 164 576 sane,
193 521 365 575 inquit,
394 519 659 564 doctisslmus
671 517 851 572 juvenis
877 513 1132 558 Villoisonus
1148 525 1164 555 :
1193 509 1271 555 scd

29 598 247 658 oportebat
271 611 363 641 eum
386 595 450 639 ad
467 608 539 639 nos
559 597 709 639 venire
722 624 738 646 ,
769 605 945 651 meaque
965 599 1005 633 et
1026 590 1269 635 Valckena-

27 681 93 721 rii
116 677 347 738 disciplt'na
369 676 455 721 uti.
516 673 615 719 Hoc
648 671 900 723 nonnullis,
930 678 979 712 ut
1005 677 1155 724 postea
1188 667 1274 711 mi·

33 754 80 797 hi
111 740 308 798 dixerunt
337 782 354 805 ,
398 750 627 805 superbius
659 747 992 802 pronunciatum
1028 746 1270 792 videbatur.

31 831 170 885 Atqui
191 830 252 874 nil
268 825 355 872 'fuit
379 828 424 871 in
447 827 531 870 hoc
555 826 673 869 dicto
697 824 920 880 superbiae
937 854 954 878 ‚
980 823 1043 868 nil
1065 822 1149 867 nisi
1173 835 1276 866 can·

34 909 117 953 dor
140 920 238 952 cum
261 905 480 951 doctrinae
503 901 824 958 magnitudine,
853 901 1034 956 ejusque
1051 900 1280 944 conscien-

39 984 135 1039 tia,
173 985 452 1040 coniunctus,
521 980 625 1025 Erat
659 979 795 1024 instar
827 977 1067 1034 Chrysippi
1106 978 1275 1035 (97),

38 1056 287 1104 Stoicorum
321 1057 564 1114 principie,
593 1057 899 1114 φρονηματίας·
931 1055 1007 1110 qui
1043 1055 1281 1112 interroga·

33 1146 110 1181 tus
145 1136 197 1180 ab
239 1135 419 1189 aliquo,
460 1132 535 1177 cui
573 1132 708 1177 filium
746 1130 793 1175 in
826 1129 1096 1186 disciplinam
1133 1131 1280 1187 daret,

36 1210 187 1264 Mihi,
218 1210 390 1264 inquit3
410 1223 539 1261 nam,
560 1211 600 1252 si
620 1221 742 1266 quem
760 1221 825 1250 mc
847 1207 1066 1251 meliorem
1093 1221 1281 1263 nossem,

40 1284 132 1344 ipsev
146 1297 212 1328 me
225 1286 266 1328 u·
280 1287 329 1327 in
345 1282 622 1341 disciplinam
642 1282 813 1328 darem.
843 1281 1116 1338 Quamquam
1131 1282 1289 1329 Ruhn-

42 1362 196 1408 kenius
233 1356 471 1405 modestius
499 1359 650 1417 agebat
675 1359 1027 1418 elegantiusque,
1054 1374 1153 1407 curn
1181 1363 1287 1409 alias

39 1453 236 1497 semper,
269 1448 360 1486 tum
388 1438 466 1483 illo
491 1438 535 1483 in
562 1439 715 1495 dicto;
750 1440 916 1498 quippe
954 1443 1032 1496 qui
1064 1451 1286 1497 praestan·

49 1515 132 1560 tiae
169 1516 336 1560 laudem
363 1527 461 1560 cum
488 1514 769 1562 Valckenario
794 1518 1141 1563 communicaret.
1194 1519 1288 1564 'Sed

44 1589 303 1636 Ruhnkenii
335 1592 558 1636 candorem
598 1605 748 1639 omnes
785 1596 1102 1651 agnoscebant,
1131 1596 1294 1642 doctri·

52 1678 132 1713 nae
151 1667 486 1724 magnitudinem
514 1668 670 1723 pauci,
699 1667 822 1713 etiam
839 1671 957 1715 docti
978 1671 1170 1716 homiues
1185 1703 1201 1726 ,
1226 1674 1294 1718 in-

50 1746 186 1792 terius
210 1746 541 1803 perspiciebant.
602 1747 680 1791 lile
698 1761 800 1793 vero
820 1749 974 1794 virium
993 1763 1165 1796 suarum
1185 1764 1295 1796 cora

51 1823 234 1869 scientia
259 1822 429 1876 fretus,
469 1834 548 1867 nee
577 1823 696 1877 quod
723 1823 889 1869 deesset
920 1825 1006 1870 sibi
1040 1829 1294 1884 arrogabat,

53 1913 133 1948 nec
160 1900 279 1955 quod
311 1909 556 1956 superesset
581 1899 838 1956 derogabat:
870 1910 912 1944 et
943 1901 1214 1948 Socraticum
1242 1905 1297 1949 il-

54 1980 134 2029 lud
172 1977 274 2024 εἶναι
305 1978 374 2023 καὶ
403 1978 528 2023 δοκεῖν
563 1976 954 2030 complectebatur:
985 1980 1158 2023 volebat
1194 1983 1297 2027 talis

55 2051 221 2112 videri,
252 2050 394 2107 qualis
421 2061 541 2103 erat,
583 2062 662 2095 nec
699 2051 810 2096 alius
841 2052 889 2096 in
921 2054 1134 2111 scriptis,
1165 2070 1296 2112 quam

53 2130 104 2174 in
128 2140 326 2202 sermone
346 2137 387 2179 et
412 2128 526 2174 vitae
547 2130 877 2179 consuetudine.
937 2131 1081 2179 Nemo
1102 2143 1167 2179 est
1190 2137 1296 2184 adeo

58 2206 106 2250 in
126 2203 287 2249 Literis
315 2206 508 2261 hospes,
540 2205 616 2259 qui
642 2207 922 2258 doctissimos
947 2209 1144 2256 homines
1167 2213 1297 2270 Jaco-

59 2282 165 2354 bum
187 2280 462 2329 Gronovium
486 2294 529 2327 et
543 2283 779 2340 Johannem
804 2287 1083 2333 Schraderum
1106 2291 1290 2347 ignoret.

7 2376 10 2382 Δ
62 2356 293 2408 ῦτοηονίο
326 2359 373 2410 in
397 2373 590 2410 sermone
615 2374 660 2409 et
683 2376 918 2425 congressu
943 2366 1006 2414 nil
1037 2369 1296 2426 humanius,

0 2442 5 2449 ⁸
1234 2446 1299 2493 nii

117 2550 247 2607 (97)
271 2556 391 2607 mog.
418 2557 544 2600 Laert.
562 2558 663 2607 vn,
693 2560 779 2606 183·

743 2631 778 2679 B
794 2630 820 2679 b
835 2630 863 2676 b
905 2644 933 2693 3
