1624 3016
265 186 592 255 msroam
616 186 704 238 zm
733 163 920 240 srvi).¹
945 179 1206 239 viam-r:
1244 243 1252 247 ,
1281 197 1363 247 ¹93

121 315 196 364 nl
254 318 297 364 Ο
325 311 482 362 'multis
517 315 845 371 manifestisque
876 316 1049 362 indiciis
1081 314 1370 372 conspicua-l:

126 404 238 448 quae
274 394 314 440 si
331 395 570 450 ‘diligenter
602 382 927 438 observaremus
961 404 1010 435 ac
1051 402 1370 447 sequeremur„

123 468 202 511 hac
235 466 473 514 certissima
505 472 614 514 duce
650 469 704 512 ad
744 468 963 510 Virtutem
1009 470 1345 522 perveniremus.

121 542 282 598 Nunc,
313 555 372 588 ut.
396 558 446 589 ex
473 543 655 589 infantia
678 543 724 587 in
758 542 1014 596 pueritiam,
1043 555 1068 586 e
1097 545 1277 597 pueritia
1308 547 1357 592 in

122 618 449 668 adolescentiam
463 646 480 675 ‚
501 619 686 675 ingressi
707 629 862 666 sumus
875 649 893 672 ,
913 617 972 660 ita
994 629 1044 660 ex
1067 619 1164 662 aliis
1181 620 1224 663 in
1245 610 1352 663 alias

124 706 308 751 manus,
330 705 644 751 saepenumero
679 705 730 736 ex
763 693 887 736 malis
922 693 967 738 in
989 695 1188 749 pejores,
1217 697 1358 751 conji-

119 771 288 824 cimur,
319 770 394 814 ubi
418 778 591 815 naturae
611 768 774 824 judicia
804 769 1063 825 opinionum
1097 772 1352 817 commentis

88 847 359 898 ‚obruantur
391 857 521 903 atque
552 848 869 903 abstergantur.
944 848 1017 892 Sic
1054 850 1166 893 enim
1201 863 1246 894 se
1283 862 1352 896 res

115 923 274 978 habet,
314 931 365 968 ut·
406 925 453 969 in
496 925 714 971 mentibus
746 927 911 971 nostris
951 926 1091 971 variae
1121 926 1352 972 facultates

115 1012 336 1059 tamquam
355 1004 537 1048 chordae
556 1003 714 1048 inditae
737 1005 854 1060 sint,
868 1006 1063 1062 singulae
1085 1008 1236 1053 nature
1254 1006 1351 1052 sin-

78 1138 79 1142 *
114 1092 278 1136 cerae,
305 1081 496 1125 nondum
547 1090 686 1126 tamen
731 1082 952 1128 universae
994 1082 1059 1135 ad'
1084 1092 1345 1130 concentum

116 1158 391 1211 conciliatae3
421 1157 499 1201 sed
527 1169 667 1212 quae,
692 1159 1086 1204 conciliatae-recta
1110 1159 1353 1204 institutio-

113 1246 193 1289 ne,
234 1244 448 1288 tamquam
481 1243 740 1280 concentum
775 1236 943 1291 pariant
976 1235 1208 1282 Virtutem.
1269 1236 1355 1281 At·

114 1312 194 1368 qui
222 1311 300 1356 hae
319 1311 505 1366 chordae
525 1311 563 1356 si
587 1311 640 1357 ab
663 1313 875 1367 imperitis
904 1314 1101 1358 manibus
1122 1315 1351 1371 pulsentur

113 1399 156 1434 ct
182 1398 534 1444 corrumpantur,
565 1389 758 1446 singulae
785 1392 873 1447 iam
904 1391 1091 1436 absonae
1119 1393 1343 1447 quomodo

110 1466 334 1511 universae
368 1465 471 1511 flant
505 1466 756 1511 consonae?
829 1468 878 1512 Si
918 1468 1079 1525 inepti,
1121 1469 1197 1523 qui
1234 1481 1343 1515 suos

109 1541 197 1599 ipsi
226 1541 393 1587 animos
419 1541 532 1587 haud
570 1552 789 1596 noscunt,
816 1544 1023 1599 juvenum
1051 1544 1219 1591 animos
1252 1543 1345 1588 for-

114 1632 228 1666 mare
247 1619 574 1676 aggrediunturz
604 1619 641 1664 si
666 1621 857 1676 ineptis,
880 1621 1041 1676 quibus
1062 1621 1200 1676 ipsis,
1223 1622 1346 1676 quod

107 1700 317 1757 perdant,
357 1698 574 1755 ingenium
608 1699 776 1743 nullum
810 1707 904 1752 est,
929 1700 1135 1755 juvenum
1171 1699 1345 1755 ingenia

109 1774 321 1832 perdenda
347 1774 603 1829 truduntur,
629 1775 783 1829 eequis
813 1775 981 1820 tandem
1007 1775 1135 1819 istius
1166 1775 1347 1821 institu-

113 1851 247 1896 tionis
266 1849 438 1897 fructu·
458 1850 766 1906 exspectetur-⁴?
823 1850 887 1896 Ita
914 1850 1094 1905 Virtus,
1124 1864 1235 1908 quae
1255 1852 1345 1896 exi·

112 1939 225 1973 stere
247 1927 429 1982 nequit,
458 1927 543 1972 nisi
566 1937 743 1973 naturae
759 1928 879 1973 bono
904 1939 1212 1986 succurratur,
1231 1945 1344 1987 quo-

99 2008 247 2058 ¹modo
272 2007 440 2051 tandem
460 2005 640 2061 existat,
670 2005 708 2051 si
733 2017 910 2052 naturae
934 2007 1096 2051 bonum
1121 2008 1250 2054 etiam
1273 2020 1364 2055 εκ·-

106 2087 383 2145 stinguatur?
1074 2101 1078 2104 ·
1245 2086 1249 2091 '

166 2164 341 2209 Praebet
375 2164 507 2221 igitur
539 2165 667 2210 nobis
691 2175 873 2221 natura,
903 2166 973 2211 sui
1007 2165 1131 2221 quasi
1161 2179 1340 2222 ansam,

108 2239 374 2296 Historiam,
405 2243 492 2296 qua
522 2254 605 2286 nos
630 2243 684 2286 ad
708 2243 928 2288 Virtutem
954 2244 1115 2298 ducat,
1144 2257 1243 2293 cum
1274 2245 1342 2290 in-

0 2354 5 2362 .
26 2373 34 2383 .
109 2317 397 2372 telligentiae,
426 2330 502 2363 seu
523 2320 900 2376 contemplativam
917 2351 933 2373 ,
958 2329 1048 2366 tum
1072 2321 1339 2377 voluntatis,

110 2409 191 2443 seu
221 2398 419 2444 activam.
479 2398 538 2443 Et
571 2399 624 2443 ad
645 2398 1018 2454 contemplativam
1041 2399 1212 2456 quidem
1236 2399 1341 2445 Vir-

108 2481 241 2515 tutem
271 2471 462 2517 Historia
488 2486 572 2518 nos
603 2475 723 2518 ducit
746 2476 916 2520 duabus
947 2475 1201 2522 rationibus.
1260 2478 1343 2521 Al·

108 2556 197 2592 tera
228 2547 276 2593 in
299 2549 493 2604 ipsarum
518 2563 659 2596 rerum
682 2552 932 2607 cognitione
953 2554 1171 2611 cernitur,
1200 2566 1225 2600 e
1249 2556 1342 2609 qua

159 2636 162 2641 ·
770 2628 817 2675 N
1281 2629 1351 2684 cia
