1624 3016
288 102 383 158 οι,
514 92 696 140 vrrs
743 89 803 135 n.
853 88 1298 142 Rurrnxemr.
1372 80 1375 82 ’

304 227 367 260 ter
387 226 428 259 et
451 227 564 270 opus
601 211 799 257 haberent
832 220 874 254 et
905 219 1147 267 uterentur,
1173 214 1347 268 disertis
1377 207 1520 267 verbin'

301 290 590 347 significavit,
622 301 668 333 se
703 289 747 335 in
769 289 860 343 ejus
884 300 968 332 usu
993 289 1104 344 ipsis
1127 297 1435 340 commodando
1460 298 1519 345 {ta

301 378 434 422 porro
471 375 663 421 paratum
696 364 820 418 fore,
861 374 909 407 ut
942 363 1062 419 ipsos
1096 377 1192 422 erga
1221 367 1522 418 Ruhnkenium

302 455 476 499 paratos
502 441 637 487 fuisse
658 440 955 497 cognovisset.
1007 441 1099 497 Jam
1134 443 1196 488 nil
1218 446 1366 492 attinet
1386 457 1525 495 narra-

301 534 375 578 re,
414 536 504 579 quo
540 523 703 578 impetu
736 522 779 566 in
818 522 895 566 has
929 522 1212 570 bibliothecas
1246 526 1527 588 involaveru,

302 610 352 646 ut
376 601 545 655 longam
571 598 694 653 quasi
719 597 835 643 sitim
863 598 1144 654 restingueret
1165 609 1208 644 et
1231 601 1304 645 diu
1323 602 1531 652 desiden-

302 678 362 723 tis
396 677 516 722 libris
539 677 794 721 heluaretur.
856 675 944 732 Qui
973 676 1054 730 ipsi
1080 677 1312 732 aliquando
1333 679 1376 723 ln
1398 678 1534 730 simili

302 766 458 805 caussa
483 752 686 805 fuerunt,
717 761 760 796 ct
786 751 1032 797 Ruhnkenii
1057 766 1166 811 quae
1186 753 1316 801 fuerit
1338 756 1383 802 in
1405 757 1536 814 appe'-

306 830 725 892 tendo-vehementia
747 840 938 883 norunt,
969 831 1071 874 haec
1095 833 1163 876 vel
1191 834 1433 881 tacentibus
1454 847 1537 880 no-

306 909 377 954 bis
414 908 684 963 intelligenti
730 907 924 950 neutrius
958 908 1132 963 gnaris,
1170 910 1367 964 quamvis
1401 902 1537 961 mult'a

306 992 555 1035 narrantes,
596 980 738 1025 surdis
782 979 971 1025 fabulam
1007 993 1240 1032 narremus.
1310 985 1436 1031 Alios
1466 994 1538 1031 to-

309 1068 411 1113 tos,
432 1059 539 1102 alios
562 1058 716 1113 partim
738 1056 995 1114 descripsit,
1026 1059 1134 1104 allos
1157 1055 1397 1117 excerpsit,
1422 1063 1538 1109 'alios

304 1149 407 1185 cum
436 1136 561 1181 editis
596 1138 891 1191 comparavit,
930 1138 1158 1194 variasque
1191 1140 1406 1187 lectiones
1434 1154 1540 1189 eno·

305 1217 443 1270 tavit3
480 1226 559 1260 nec
609 1214 739 1259 modo
777 1227 881 1268 eos,
923 1227 1036 1270 quoa
1069 1227 1188 1261 antea
1219 1218 1536 1276 destinaverat,

307 1295 387 1341 aed
421 1293 668 1347 complures
701 1291 804 1336 adeo
845 1293 898 1335 de
933 1293 1094 1347 quibus
1137 1306 1227 1338 non
1261 1295 1539 1351 cogitaverat.

309 1370 423 1418 Nam
457 1381 558 1415 oum
598 1369 787 1414 codicem
823 1381 1038 1425 quemque
1077 1370 1173 1414 suis
1215 1370 1310 1424 ipse
1344 1371 1543 1418 manlbua

314 1447 532 1493 evolveret
548 1455 874 1500 excuterctque‚
897 1457 1024 1500 saepe
1050 1447 1181 1501 'longe
1201 1445 1319 1490 aliud
1341 1445 1388 1491 in
1406 1459 1459 1491 eo
1479 1458 1547 1493 re»

309 1524 527 1581 periebat,
560 1534 690 1576 quam
713 1522 759 1565 id
778 1520 899 1575 quod
919 1519 1076 1564 titulus
1097 1518 1392 1576 profit-erema
1421 1533 1548 1579 saepe

318 1602 404 1649 hoc
451 1602 630 1658 ipsum,
672 1600 748 1644 sed
789 1598 869 1644 alia
918 1607 1127 1653 practerea
1165 1609 1243 1642 nec
1282 1609 1546 1655 exspectata,

311 1680 431 1730 Haec
458 1678 569 1724 enim
598 1676 686 1727 fere
710 1686 775 1721 est
801 1675 1108 1729 catalogorum
1139 1673 1364 1728 conditio,
1396 1685 1447 1719 ut
1473 1675 1546 1723 vel

315 1753 472 1811 optimi
504 1764 650 1799 eorum
689 1748 878 1795 confecti
905 1749 994 1793 sint
1015 1748 1070 1792 ab
1093 1741 1343 1793 hominibus
1369 1761 1461 1796 non
1481 1749 1549 1796 in-

309 1831 460 1879 doctis
491 1828 659 1884 quidem
677 1858 695 1882 ,
722 1839 800 1873 nec
832 1835 975 1871 tamen
1009 1823 1119 1871 satis
1146 1824 1287 1869 doctis
1322 1834 1364 1868 et
1392 1825 1551 1871 intelli-

307 1909 518 1969 2gemihua
543 1919 638 1958 eum
666 1906 711 1951 in
732 1906 857 1948 finem
873 1920 897 1958 ‚2
921 1907 971 1948 ut
994 1905 1037 1948 in
1070 1904 1223 1950 codice
1247 1917 1426 1960 quoque
1457 1918 1554 1962 per·

305 1986 554 2035 ,volutando
577 1983 958 2033 animadverterent
993 1993 1136 2026 utrum
1173 1981 1303 2027 unius
1332 1983 1474 2028 omnia
1503 1983 1551 2028 in

317 2073 374 2110 oo
409 2071 549 2107 essent
582 2060 853 2115 Scriptoris‚
893 2072 946 2104 an
981 2058 1275 2104 diversorum:
1316 2061 1355 2103 sl
1387 2061 1548 2115 unlus,

321 2149 431 2195 quot
457 2131 552 2196 ejus
574 2148 744 2193 partes,
775 2140 818 2182 si·
846 2137 1147 2191 diversorum,
1178 2136 1252 2192 qui
1276 2135 1343 2182 illi
1368 2148 1412 2182 et
1443 2149 1556 2193 qnae

321 2222 539 2277 cujusque
575 2219 734 2273 scripta
769 2218 1106 2265 continerentur.
1165 2216 1342 2271 Veluti,
1383 2227 1435 2261 nt
1467 2217 1552 2267 hoo

311 2306 442 2349 utar,
468 2295 627 2343 titulus
663 2294 887 2349 profitetur
920 2295 1084 2338 Patrem
1121 2294 1303 2349 aliquem
1335 2290 1551 2339 Ecclesia-

320 2371 507 2421 sticumt
537 2372 613 2416 sed
644 2372 794 2419 insunt
825 2381 1034 2429 praeterea
1057 2373 1238 2417 aliorum
1270 2371 1554 2428 optlmomm·

304 2460 410 2511 quc
441 2451 682 2498 Auctorum
718 2449 848 2510 libri,
878 2449 1100 2509 Platonis,
1128 2447 1462 2510 Xenophontis,
1489 2447 1553 2494 si.-
