1624 3016
324 147 585 196 SELECT.
614 148 818 196 PRINC.
849 149 1092 197 111st.
1128 154 1134 159 '
1253 160 1343 207 ⁸49

110 278 217 319 sunt
236 269 446 315 dictiones
482 272 551 314 vel
581 283 810 326 corruptae
832 274 901 316 vel
927 274 1160 317 obscuraet
1191 282 1236 317 et
1265 274 1346 318 ob·

105 360 263 393 ⁴ecutae.
293 358 395 392 sunt
417 350 486 392 vel
509 350 561 392 ad
582 361 754 392 sensum
790 350 1077 403 discentium,
1110 350 1179 393 vel
1199 350 1252 394 ad
1277 350 1345 396 in·

109 424 384 480 telligentiam
427 426 651 471 doctorum
696 425 948 479 hominum3
990 425 1147 480 prioris
1185 425 1347 472 observ·

111 499 253 544 litatis
285 513 422 556 genus
455 500 753 556 explicandum
788 499 911 556 rejeci
943 501 988 542 in
1011 500 1212 543 scholas:
1242 501 1350 545 alte·

112 577 204 621 rius
229 578 395 634 generis
427 575 816 631 interpretationem
834 605 851 627 ‚
879 574 979 617 item
1005 576 1348 630 corruptelarum

113 654 473 706 emendationem,
509 653 595 709 jam
639 651 685 695 in
726 652 810 695 hoc
843 650 943 706 ipso
974 650 1122 694 libello
1158 652 1347 708 vulgatis

109 730 548 777 animadversionibus
572 759 590 782 ‚
627 729 953 783 expromendam
998 728 1229 784 judicavi;
1285 730 1348 775 ita

113 808 313 863 quidem,
342 816 393 850 ut
420 816 462 852 et
486 805 686 850 brevitati
711 815 755 849 et
783 804 1042 851 discentium
1067 806 1218 862 captui
1239 818 1349 852 eon-

109 886 309 933 sulerem.
1344 931 1346 934 .

111 1005 118 1012 .
155 961 270 1010 Loci
291 974 343 1009 ex
363 962 714 1019 castigatissimis
736 961 999 1008 editionibus
1015 964 1207 1020 expressi
1225 975 1352 1011 sunt.

113 1037 394 1095 Herodotus,
423 1050 473 1084 ut
497 1053 520 1084 a
544 1041 816 1098 principibus
839 1040 972 1096 viris,
993 1041 1286 1098 wesselingio
1305 1052 1350 1087 et

114 1112 423 1174 Valckenario,
444 1117 691 1174 expolitus,
712 1117 756 1162 in
778 1117 982 1163 omnibus
1001 1117 1194 1167 omnium
1214 1118 1352 1164 Grae·

109 1202 260 1235 corum
284 1192 526 1238 Auctorum
548 1193 811 1237 editionibus
837 1194 1075 1251 principem
1102 1195 1230 1241 habet
1252 1196 1349 1242 lau·

113 1268 226 1314 dem.
285 1268 356 1313 Ab
390 1268 505 1324 hoc,
535 1271 669 1326 longo
703 1270 961 1326 intervallo,
1002 1274 1138 1320 distat
1166 1273 1355 1332 Thucy·

117 1346 267 1400 dides,
309 1346 392 1391 viri
423 1347 622 1402 quamvis
653 1349 839 1404 egregii,
870 1349 1055 1404 Dukeri‚
1084 1351 1352 1408 diligentiam

119 1435 339 1480 expertus.
410 1424 573 1470 Eodem
604 1438 628 1470 a
662 1426 921 1483 Thucydide
961 1428 1186 1473 intervallo
1217 1429 1352 1474 distat

114 1501 361 1556 Xenophon
384 1531 401 1555 ,
445 1513 488 1546 et
524 1515 549 1546 a
593 1503 879 1558 Xenophonte
914 1503 1014 1549 item
1053 1504 1349 1550 Plutarchuss

114 1588 300 1633 quorum
327 1577 517 1634 optimae
546 1579 685 1623 adhuc
720 1579 933 1626 editiones
965 1590 1069 1626 sunt
1094 1580 1350 1635 stephania·

111 1666 218 1702 nae:
249 1654 583 1711 xenophontes.
605 1657 794 1700 secunda
817 1655 1066 1702 parisiensis
1082 1656 1183 1702 anni
1207 1659 1346 1712 15812

113 1733 392 1788 Plutarchea,
433 1733 698 1780 Genevensis
729 1736 830 1780 anni
859 1749 1000 1792 1574,
1039 1733 1202 1781 formae
1233 1747 1356 1781 octa·

117 1824 214 1860 vae.
271 1812 323 1859 In
350 1813 536 1870 Polybio
572 1814 836 1859 emendando
871 1813 1082 1859 industria
1117 1814 1354 1859 eruditissi-

115 1902 284 1935 morum
310 1890 559 1944 hominum,
590 1900 632 1935 et
655 1890 893 1935 novissime
924 1891 1352 1948 Schweighaeuseri,

115 1967 212 2011 Viri
247 1967 519 2023 Clarissimi,
558 1977 724 2013 tantum
757 1967 968 2014 'effectum
1008 1978 1103 2023 est,
1144 1979 1355 2023 quantum

118 2045 224 2092 effici
250 2044 396 2100 potuit
423 2057 474 2089 ex
497 2045 583 2099 iis,
613 2057 721 2099 quae
744 2055 945 2099 exstant,
975 2047 1223 2091 emendandi
1249 2047 1356 2091 sub·

114 2122 257 2172 sidiis.
314 2122 468 2177 Neque
498 2122 762 2178 negleximus
792 2122 942 2178 copias
966 2123 1254 2178 posteriorum
1286 2124 1353 2169 in·

116 2207 347 2255 terpretum
379 2211 421 2246 et
442 2199 669 2245 Editorum
686 2231 703 2254 ,
726 2212 910 2255 quorum
929 2212 1031 2245 cura
1049 2201 1095 2245 in
1117 2201 1172 2245 iis
1187 2202 1357 2256 Auen»,

117 2276 244 2322 tibus
268 2287 434 2321 versata
464 2287 602 2322 essett
632 2290 795 2333 eosque
833 2291 916 2324 suo
939 2291 1155 2336 quemque
1178 2280 1278 2326 loco
1309 2281 1358 2329 in
1449 2325 1458 2336 ,

121 2350 584 2398 Animadversionibus
627 2354 936 2399 laudavimus:
979 2355 1225 2413 ibidemque
1265 2370 1356 2404 mo-

122 2428 299 2477 nuimus
316 2430 368 2473 de
388 2430 732 2486 correctionibus
745 2463 762 2486 ,
788 2445 895 2488 quas
915 2434 986 2479 vel
1005 2446 1057 2480 ex
1079 2435 1165 2480 illis
1186 2437 1357 2495 copiis,

122 2504 192 2551 vel
229 2517 283 2552 ex
316 2510 469 2554 nostra
499 2509 782 2567 conjectura,
810 2513 895 2572 ‚vel
927 2510 1113 2569 darique
1153 2525 1207 2562 ex
1238 2515 1365 2562 libris

758 2586 801 2645 Q
830 2598 859 2644 s
1261 2592 1373 2640 scri·
