<?xml version="1.0" encoding="UTF-8"?>
<!DOCTYPE html PUBLIC "-//W3C//DTD XHTML 1.0 Transitional//EN"
    "http://www.w3.org/TR/xhtml1/DTD/xhtml1-transitional.dtd">
<html xmlns="http://www.w3.org/1999/xhtml" xml:lang="en" lang="en">
 <head>
  <title>
</title>
<meta http-equiv="Content-Type" content="text/html;charset=utf-8" />
  <meta name='ocr-system' content='tesseract 3.04.00' />
  <meta name='ocr-capabilities' content='ocr_page ocr_carea ocr_par ocr_line ocrx_word'/>
</head>
<body>
  <div class='ocr_page' id='page_1' title='image "./opusculavariiarg01wytt/opusculavariiarg01wytt_0436.png"; bbox 0 0 1624 3016; ppageno 0'>
   <div class='ocr_carea' id='block_1_1' title="bbox 215 152 1213 223">
    <p class='ocr_par' dir='ltr' id='par_1_1' title="bbox 215 152 1213 223">
     <span class='ocr_line' id='line_1_1' title="bbox 215 152 1213 223; baseline 0.008 -21"><span class='ocrx_word' id='word_1_1' title='bbox 215 174 307 223; x_wconf 48' lang='grc' dir='ltr'>ἦα</span> <span class='ocrx_word' id='word_1_2' title='bbox 442 152 784 216; x_wconf 71' lang='lat' dir='ltr'>PRAEFATIO</span> <span class='ocrx_word' id='word_1_3' title='bbox 821 167 882 206; x_wconf 72' lang='lat' dir='ltr'><strong>n</strong></span> <span class='ocrx_word' id='word_1_4' title='bbox 914 157 1213 216; x_wconf 73' lang='lat' dir='ltr'>zm‘rloNz</span> 
     </span>
    </p>
   </div>
   <div class='ocr_carea' id='block_1_2' title="bbox 217 277 1466 1111">
    <p class='ocr_par' dir='ltr' id='par_1_2' title="bbox 217 277 1466 1111">
     <span class='ocr_line' id='line_1_2' title="bbox 217 277 1449 344; baseline -0.002 -13"><span class='ocrx_word' id='word_1_5' title='bbox 217 286 423 344; x_wconf 80' lang='lat' dir='ltr'>Latinum</span> <span class='ocrx_word' id='word_1_6' title='bbox 459 280 595 336; x_wconf 81' lang='lat' dir='ltr'>facit,</span> <span class='ocrx_word' id='word_1_7' title='bbox 633 288 682 324; x_wconf 88' lang='lat' dir='ltr'>ut</span> <span class='ocrx_word' id='word_1_8' title='bbox 712 277 870 324; x_wconf 70' lang='lat' dir='ltr'>fuisset</span> <span class='ocrx_word' id='word_1_9' title='bbox 900 279 941 324; x_wconf 81' lang='lat' dir='ltr'>ai</span> <span class='ocrx_word' id='word_1_10' title='bbox 983 279 1139 330; x_wconf 67' lang='lat' dir='ltr'>Latine</span> <span class='ocrx_word' id='word_1_11' title='bbox 1170 285 1449 343; x_wconf 61' lang='lat' dir='ltr'>scripsissem</span> 
     </span>
     <span class='ocr_line' id='line_1_3' title="bbox 218 357 1451 419; baseline -0.002 -12"><span class='ocrx_word' id='word_1_12' title='bbox 218 376 261 411; x_wconf 77' lang='lat' dir='ltr'>et</span> <span class='ocrx_word' id='word_1_13' title='bbox 300 363 352 408; x_wconf 83' lang='lat' dir='ltr'>iia</span> <span class='ocrx_word' id='word_1_14' title='bbox 388 361 462 417; x_wconf 89' lang='lat' dir='ltr'>qui</span> <span class='ocrx_word' id='word_1_15' title='bbox 488 359 652 405; x_wconf 83' lang='lat' dir='ltr'>Graeca</span> <span class='ocrx_word' id='word_1_16' title='bbox 682 358 872 404; x_wconf 81' lang='lat' dir='ltr'>nondum</span> <span class='ocrx_word' id='word_1_17' title='bbox 904 357 1008 403; x_wconf 86' lang='lat' dir='ltr'>satis</span> <span class='ocrx_word' id='word_1_18' title='bbox 1034 358 1312 419; x_wconf 72' lang='lat' dir='ltr'>intelligunt,</span> <span class='ocrx_word' id='word_1_19' title='bbox 1354 365 1451 412; x_wconf 86' lang='lat' dir='ltr'>ido.</span> 
     </span>
     <span class='ocr_line' id='line_1_4' title="bbox 218 435 1453 499; baseline 0.002 -14"><span class='ocrx_word' id='word_1_20' title='bbox 218 452 344 487; x_wconf 87' lang='lat' dir='ltr'>neum</span> <span class='ocrx_word' id='word_1_21' title='bbox 384 437 565 494; x_wconf 78' lang='lat' dir='ltr'>apponit</span> <span class='ocrx_word' id='word_1_22' title='bbox 605 435 911 499; x_wconf 77' lang='lat' dir='ltr'>intelligentiae</span> <span class='ocrx_word' id='word_1_23' title='bbox 938 435 1301 495; x_wconf 68' lang='lat' dir='ltr'>instrumentum,</span> <span class='ocrx_word' id='word_1_24' title='bbox 1330 443 1453 499; x_wconf 81' lang='lat' dir='ltr'>quod</span> 
     </span>
     <span class='ocr_line' id='line_1_5' title="bbox 219 512 1455 574; baseline -0.002 -9"><span class='ocrx_word' id='word_1_25' title='bbox 219 516 416 574; x_wconf 84' lang='lat' dir='ltr'>perpetui</span> <span class='ocrx_word' id='word_1_26' title='bbox 437 516 494 560; x_wconf 86' lang='lat' dir='ltr'>sit</span> <span class='ocrx_word' id='word_1_27' title='bbox 516 515 652 561; x_wconf 84' lang='lat' dir='ltr'>instar</span> <span class='ocrx_word' id='word_1_28' title='bbox 674 512 982 559; x_wconf 87' lang='lat' dir='ltr'>commentarii.</span> <span class='ocrx_word' id='word_1_29' title='bbox 1028 512 1087 558; x_wconf 88' lang='lat' dir='ltr'>Ut</span> <span class='ocrx_word' id='word_1_30' title='bbox 1109 524 1263 559; x_wconf 84' lang='lat' dir='ltr'>novam</span> <span class='ocrx_word' id='word_1_31' title='bbox 1286 513 1373 569; x_wconf 80' lang='lat' dir='ltr'>ipsi</span> <span class='ocrx_word' id='word_1_32' title='bbox 1392 515 1455 562; x_wconf 78' lang='lat' dir='ltr'>fa·</span> 
     </span>
     <span class='ocr_line' id='line_1_6' title="bbox 219 589 1455 659; baseline -0.002 -20"><span class='ocrx_word' id='word_1_33' title='bbox 219 603 413 639; x_wconf 69' lang='lat' dir='ltr'>ceremur</span> <span class='ocrx_word' id='word_1_34' title='bbox 427 591 676 639; x_wconf 73' lang='lat' dir='ltr'>versionem</span> <span class='ocrx_word' id='word_1_35' title='bbox 694 619 711 645; x_wconf 90' lang='lat'>,</span> <span class='ocrx_word' id='word_1_36' title='bbox 736 589 779 635; x_wconf 91' lang='lat' dir='ltr'>in</span> <span class='ocrx_word' id='word_1_37' title='bbox 803 598 919 634; x_wconf 87' lang='lat' dir='ltr'>tanta</span> <span class='ocrx_word' id='word_1_38' title='bbox 948 589 1135 645; x_wconf 85' lang='lat' dir='ltr'>reliquae</span> <span class='ocrx_word' id='word_1_39' title='bbox 1159 599 1331 659; x_wconf 72' lang='lat' dir='ltr'>nostrae</span> <span class='ocrx_word' id='word_1_40' title='bbox 1351 603 1455 648; x_wconf 61' lang='lat' dir='ltr'>open</span> 
     </span>
     <span class='ocr_line' id='line_1_7' title="bbox 221 667 1460 725; baseline 0.001 -9"><span class='ocrx_word' id='word_1_41' title='bbox 221 681 293 717; x_wconf 75' lang='lat' dir='ltr'>rae</span> <span class='ocrx_word' id='word_1_42' title='bbox 326 667 603 714; x_wconf 85' lang='lat' dir='ltr'>multitudine</span> <span class='ocrx_word' id='word_1_43' title='bbox 627 677 670 713; x_wconf 89' lang='lat' dir='ltr'>et</span> <span class='ocrx_word' id='word_1_44' title='bbox 690 667 918 723; x_wconf 79' lang='lat' dir='ltr'>molestia,</span> <span class='ocrx_word' id='word_1_45' title='bbox 950 680 1077 713; x_wconf 87' lang='lat' dir='ltr'>nemo</span> <span class='ocrx_word' id='word_1_46' title='bbox 1099 680 1265 724; x_wconf 80' lang='lat' dir='ltr'>aequus</span> <span class='ocrx_word' id='word_1_47' title='bbox 1285 681 1333 715; x_wconf 82' lang='lat' dir='ltr'>ae</span> <span class='ocrx_word' id='word_1_48' title='bbox 1355 682 1460 725; x_wconf 86' lang='lat' dir='ltr'>pru·</span> 
     </span>
     <span class='ocr_line' id='line_1_8' title="bbox 224 740 1462 801; baseline 0.001 -10"><span class='ocrx_word' id='word_1_49' title='bbox 224 740 330 801; x_wconf 71' lang='lat' dir='ltr'>dens</span> <span class='ocrx_word' id='word_1_50' title='bbox 363 744 525 791; x_wconf 82' lang='lat' dir='ltr'>laboris</span> <span class='ocrx_word' id='word_1_51' title='bbox 551 744 797 790; x_wconf 85' lang='lat' dir='ltr'>aestimator</span> <span class='ocrx_word' id='word_1_52' title='bbox 823 745 1124 800; x_wconf 65' lang='lat' dir='ltr'>postulaverit.</span> <span class='ocrx_word' id='word_1_53' title='bbox 1183 746 1329 791; x_wconf 74' lang='lat' dir='ltr'>Sumai</span> <span class='ocrx_word' id='word_1_54' title='bbox 1354 745 1462 793; x_wconf 87' lang='lat' dir='ltr'>Ver·</span> 
     </span>
     <span class='ocr_line' id='line_1_9' title="bbox 221 821 1462 879; baseline 0.002 -11"><span class='ocrx_word' id='word_1_55' title='bbox 221 822 388 873; x_wconf 76' lang='lat' dir='ltr'>sionem</span> <span class='ocrx_word' id='word_1_56' title='bbox 425 835 455 866; x_wconf 84' lang='lat' dir='ltr'>x</span> <span class='ocrx_word' id='word_1_57' title='bbox 473 834 497 867; x_wconf 81' lang='lat' dir='ltr'>r</span> <span class='ocrx_word' id='word_1_58' title='bbox 513 834 630 868; x_wconf 69' lang='lat' dir='ltr'>Lan</span> <span class='ocrx_word' id='word_1_59' title='bbox 645 833 676 866; x_wconf 85' lang='lat' dir='ltr'>n</span> <span class='ocrx_word' id='word_1_60' title='bbox 691 834 722 865; x_wconf 78' lang='lat' dir='ltr'>lt</span> <span class='ocrx_word' id='word_1_61' title='bbox 736 833 782 876; x_wconf 87' lang='lat'>1,</span> <span class='ocrx_word' id='word_1_62' title='bbox 814 821 1001 867; x_wconf 82' lang='lat' dir='ltr'>hominia</span> <span class='ocrx_word' id='word_1_63' title='bbox 1032 821 1196 868; x_wconf 83' lang='lat' dir='ltr'>Graece</span> <span class='ocrx_word' id='word_1_64' title='bbox 1217 822 1462 879; x_wconf 81' lang='lat' dir='ltr'>Latineque</span> 
     </span>
     <span class='ocr_line' id='line_1_10' title="bbox 221 898 1462 954; baseline 0.002 -10"><span class='ocrx_word' id='word_1_65' title='bbox 221 898 498 954; x_wconf 74' lang='lat' dir='ltr'>doctissimi,</span> <span class='ocrx_word' id='word_1_66' title='bbox 528 909 570 942; x_wconf 87' lang='lat' dir='ltr'>et</span> <span class='ocrx_word' id='word_1_67' title='bbox 595 900 733 943; x_wconf 89' lang='lat' dir='ltr'>multo</span> <span class='ocrx_word' id='word_1_68' title='bbox 757 898 1107 944; x_wconf 75' lang='lat' dir='ltr'>Plutarchcorum</span> <span class='ocrx_word' id='word_1_69' title='bbox 1137 901 1347 947; x_wconf 88' lang='lat' dir='ltr'>librorum</span> <span class='ocrx_word' id='word_1_70' title='bbox 1374 914 1462 948; x_wconf 79' lang='lat' dir='ltr'>usu</span> 
     </span>
     <span class='ocr_line' id='line_1_11' title="bbox 222 975 1456 1033; baseline 0.003 -14"><span class='ocrx_word' id='word_1_71' title='bbox 222 976 460 1033; x_wconf 75' lang='lat' dir='ltr'>exercitati.</span> <span class='ocrx_word' id='word_1_72' title='bbox 520 975 643 1019; x_wconf 83' lang='lat' dir='ltr'>Hanc</span> <span class='ocrx_word' id='word_1_73' title='bbox 677 975 863 1029; x_wconf 89' lang='lat' dir='ltr'>primum</span> <span class='ocrx_word' id='word_1_74' title='bbox 893 987 944 1019; x_wconf 80' lang='lat' dir='ltr'>ex</span> <span class='ocrx_word' id='word_1_75' title='bbox 966 977 1218 1023; x_wconf 82' lang='lat' dir='ltr'>melioribus</span> <span class='ocrx_word' id='word_1_76' title='bbox 1254 979 1456 1024; x_wconf 88' lang='lat' dir='ltr'>codicum</span> 
     </span>
     <span class='ocr_line' id='line_1_12' title="bbox 227 1051 1466 1111; baseline 0.002 -14"><span class='ocrx_word' id='word_1_77' title='bbox 227 1052 492 1107; x_wconf 77' lang='lat' dir='ltr'>lectionibus</span> <span class='ocrx_word' id='word_1_78' title='bbox 507 1063 548 1094; x_wconf 88' lang='lat' dir='ltr'>et</span> <span class='ocrx_word' id='word_1_79' title='bbox 571 1051 736 1096; x_wconf 80' lang='lat' dir='ltr'>nostris</span> <span class='ocrx_word' id='word_1_80' title='bbox 751 1051 1021 1107; x_wconf 86' lang='lat' dir='ltr'>aliorumque</span> <span class='ocrx_word' id='word_1_81' title='bbox 1039 1054 1301 1111; x_wconf 75' lang='lat' dir='ltr'>conjecturis</span> <span class='ocrx_word' id='word_1_82' title='bbox 1318 1055 1372 1099; x_wconf 88' lang='lat' dir='ltr'>ad</span> <span class='ocrx_word' id='word_1_83' title='bbox 1393 1067 1466 1100; x_wconf 84' lang='lat' dir='ltr'>ve-</span> 
     </span>
    </p>
   </div>
   <div class='ocr_carea' id='block_1_3' title="bbox 228 1128 1554 1186">
    <p class='ocr_par' dir='ltr' id='par_1_3' title="bbox 228 1128 1554 1186">
     <span class='ocr_line' id='line_1_13' title="bbox 228 1128 1554 1186; baseline 0.003 -13"><span class='ocrx_word' id='word_1_84' title='bbox 228 1129 395 1173; x_wconf 78' lang='lat' dir='ltr'>ritatem</span> <span class='ocrx_word' id='word_1_85' title='bbox 411 1158 427 1183; x_wconf 93' lang='lat'>,</span> <span class='ocrx_word' id='word_1_86' title='bbox 445 1128 489 1172; x_wconf 85' lang='lat' dir='ltr'>id</span> <span class='ocrx_word' id='word_1_87' title='bbox 500 1137 564 1172; x_wconf 85' lang='lat' dir='ltr'>est</span> <span class='ocrx_word' id='word_1_88' title='bbox 572 1158 589 1183; x_wconf 89' lang='lat'><strong>,</strong></span> <span class='ocrx_word' id='word_1_89' title='bbox 604 1139 840 1184; x_wconf 80' lang='lat' dir='ltr'>germanam</span> <span class='ocrx_word' id='word_1_90' title='bbox 857 1128 1065 1175; x_wconf 73' lang='lat' dir='ltr'>Auctoris</span> <span class='ocrx_word' id='word_1_91' title='bbox 1074 1130 1328 1176; x_wconf 85' lang='lat' dir='ltr'>sententiam</span> <span class='ocrx_word' id='word_1_92' title='bbox 1339 1163 1357 1186; x_wconf 86' lang='lat'><strong>,</strong></span> <span class='ocrx_word' id='word_1_93' title='bbox 1366 1144 1465 1177; x_wconf 88' lang='lat' dir='ltr'>cor-</span> <span class='ocrx_word' id='word_1_94' title='bbox 1550 1128 1554 1131; x_wconf 83' lang='grc'><strong>’</strong></span> 
     </span>
    </p>
   </div>
   <div class='ocr_carea' id='block_1_4' title="bbox 225 1205 1470 1803">
    <p class='ocr_par' dir='ltr' id='par_1_4' title="bbox 225 1205 1470 1803">
     <span class='ocr_line' id='line_1_14' title="bbox 225 1205 1467 1264; baseline 0.004 -12"><span class='ocrx_word' id='word_1_95' title='bbox 225 1209 344 1261; x_wconf 83' lang='lat' dir='ltr'>rexi3</span> <span class='ocrx_word' id='word_1_96' title='bbox 376 1205 652 1261; x_wconf 82' lang='lat' dir='ltr'>existimans,</span> <span class='ocrx_word' id='word_1_97' title='bbox 682 1207 783 1263; x_wconf 73' lang='lat' dir='ltr'>plus</span> <span class='ocrx_word' id='word_1_98' title='bbox 816 1206 920 1251; x_wconf 87' lang='lat' dir='ltr'>mihi</span> <span class='ocrx_word' id='word_1_99' title='bbox 943 1207 987 1252; x_wconf 87' lang='lat' dir='ltr'>in</span> <span class='ocrx_word' id='word_1_100' title='bbox 1022 1220 1070 1253; x_wconf 90' lang='lat' dir='ltr'>ea</span> <span class='ocrx_word' id='word_1_101' title='bbox 1103 1222 1228 1264; x_wconf 87' lang='lat' dir='ltr'>quam</span> <span class='ocrx_word' id='word_1_102' title='bbox 1253 1211 1298 1255; x_wconf 91' lang='lat' dir='ltr'>in</span> <span class='ocrx_word' id='word_1_103' title='bbox 1329 1210 1467 1257; x_wconf 78' lang='lat' dir='ltr'>Grae·</span> 
     </span>
     <span class='ocr_line' id='line_1_15' title="bbox 226 1283 1469 1344; baseline 0.006 -12"><span class='ocrx_word' id='word_1_104' title='bbox 226 1300 284 1333; x_wconf 90' lang='lat' dir='ltr'>eo</span> <span class='ocrx_word' id='word_1_105' title='bbox 308 1298 516 1332; x_wconf 87' lang='lat' dir='ltr'>contextu</span> <span class='ocrx_word' id='word_1_106' title='bbox 540 1288 694 1333; x_wconf 72' lang='lat' dir='ltr'>liceret</span> <span class='ocrx_word' id='word_1_107' title='bbox 713 1283 971 1344; x_wconf 76' lang='lat' dir='ltr'>quamquam</span> <span class='ocrx_word' id='word_1_108' title='bbox 995 1288 1123 1335; x_wconf 89' lang='lat' dir='ltr'>initio</span> <span class='ocrx_word' id='word_1_109' title='bbox 1143 1290 1469 1344; x_wconf 77' lang='lat' dir='ltr'>quidemloeos</span> 
     </span>
     <span class='ocr_line' id='line_1_16' title="bbox 226 1350 1466 1420; baseline 0.004 -12"><span class='ocrx_word' id='word_1_110' title='bbox 226 1362 457 1408; x_wconf 78' lang='lat' dir='ltr'>versionis</span> <span class='ocrx_word' id='word_1_111' title='bbox 484 1361 562 1417; x_wconf 87' lang='lat' dir='ltr'>qui</span> <span class='ocrx_word' id='word_1_112' title='bbox 586 1362 751 1417; x_wconf 87' lang='lat' dir='ltr'>aliquid</span> <span class='ocrx_word' id='word_1_113' title='bbox 773 1350 1059 1410; x_wconf 82' lang='lat' dir='ltr'>dubitationis</span> <span class='ocrx_word' id='word_1_114' title='bbox 1094 1365 1323 1420; x_wconf 82' lang='lat' dir='ltr'>haberent,</span> <span class='ocrx_word' id='word_1_115' title='bbox 1348 1366 1466 1413; x_wconf 84' lang='lat' dir='ltr'>inta-</span> 
     </span>
     <span class='ocr_line' id='line_1_17' title="bbox 225 1439 1469 1494; baseline 0.003 -10"><span class='ocrx_word' id='word_1_116' title='bbox 225 1448 325 1484; x_wconf 84' lang='lat' dir='ltr'>ctos</span> <span class='ocrx_word' id='word_1_117' title='bbox 335 1439 487 1494; x_wconf 86' lang='lat' dir='ltr'>reliqui</span> <span class='ocrx_word' id='word_1_118' title='bbox 499 1470 516 1493; x_wconf 94' lang='lat'>,</span> <span class='ocrx_word' id='word_1_119' title='bbox 538 1439 843 1484; x_wconf 85' lang='lat' dir='ltr'>correctionem</span> <span class='ocrx_word' id='word_1_120' title='bbox 864 1439 1324 1487; x_wconf 76' lang='lat' dir='ltr'>Animadversionibus</span> <span class='ocrx_word' id='word_1_121' title='bbox 1334 1453 1469 1488; x_wconf 75' lang='lat' dir='ltr'>reser-</span> 
     </span>
     <span class='ocr_line' id='line_1_18' title="bbox 226 1515 1469 1573; baseline 0.003 -13"><span class='ocrx_word' id='word_1_122' title='bbox 226 1527 363 1564; x_wconf 71' lang='lat' dir='ltr'>vanst</span> <span class='ocrx_word' id='word_1_123' title='bbox 395 1529 496 1560; x_wconf 82' lang='lat' dir='ltr'>mox</span> <span class='ocrx_word' id='word_1_124' title='bbox 523 1515 744 1561; x_wconf 83' lang='lat' dir='ltr'>intellecto</span> <span class='ocrx_word' id='word_1_125' title='bbox 763 1527 973 1573; x_wconf 79' lang='lat' dir='ltr'>quantum</span> <span class='ocrx_word' id='word_1_126' title='bbox 994 1517 1258 1567; x_wconf 85' lang='lat' dir='ltr'>incommodi</span> <span class='ocrx_word' id='word_1_127' title='bbox 1279 1519 1381 1563; x_wconf 84' lang='lat' dir='ltr'>haec</span> <span class='ocrx_word' id='word_1_128' title='bbox 1400 1532 1469 1564; x_wconf 87' lang='lat' dir='ltr'>ra·</span> 
     </span>
     <span class='ocr_line' id='line_1_19' title="bbox 230 1592 1467 1650; baseline 0.002 -12"><span class='ocrx_word' id='word_1_129' title='bbox 230 1593 298 1639; x_wconf 78' lang='lat' dir='ltr'>tio</span> <span class='ocrx_word' id='word_1_130' title='bbox 322 1592 492 1636; x_wconf 86' lang='lat' dir='ltr'>haberet</span> <span class='ocrx_word' id='word_1_131' title='bbox 516 1592 570 1637; x_wconf 90' lang='lat' dir='ltr'>ad</span> <span class='ocrx_word' id='word_1_132' title='bbox 593 1593 822 1648; x_wconf 84' lang='lat' dir='ltr'>legentium</span> <span class='ocrx_word' id='word_1_133' title='bbox 847 1605 1005 1648; x_wconf 68' lang='lat' dir='ltr'>usum,</span> <span class='ocrx_word' id='word_1_134' title='bbox 1035 1593 1312 1650; x_wconf 74' lang='lat' dir='ltr'>corrigendos</span> <span class='ocrx_word' id='word_1_135' title='bbox 1341 1595 1467 1640; x_wconf 73' lang='lat' dir='ltr'>loco·</span> 
     </span>
     <span class='ocr_line' id='line_1_20' title="bbox 228 1673 1470 1730; baseline 0.001 -11"><span class='ocrx_word' id='word_1_136' title='bbox 228 1674 380 1720; x_wconf 84' lang='lat' dir='ltr'>omnes</span> <span class='ocrx_word' id='word_1_137' title='bbox 405 1674 458 1718; x_wconf 90' lang='lat' dir='ltr'>ad</span> <span class='ocrx_word' id='word_1_138' title='bbox 484 1673 699 1730; x_wconf 86' lang='lat' dir='ltr'>judicium</span> <span class='ocrx_word' id='word_1_139' title='bbox 728 1686 866 1719; x_wconf 89' lang='lat' dir='ltr'>meum</span> <span class='ocrx_word' id='word_1_140' title='bbox 891 1674 1036 1719; x_wconf 87' lang='lat' dir='ltr'>statim</span> <span class='ocrx_word' id='word_1_141' title='bbox 1060 1674 1104 1719; x_wconf 89' lang='lat' dir='ltr'>in</span> <span class='ocrx_word' id='word_1_142' title='bbox 1127 1673 1224 1728; x_wconf 79' lang='lat' dir='ltr'>ipsa</span> <span class='ocrx_word' id='word_1_143' title='bbox 1254 1673 1470 1722; x_wconf 77' lang='lat' dir='ltr'>Versione</span> 
     </span>
     <span class='ocr_line' id='line_1_21' title="bbox 227 1747 1466 1803; baseline 0.006 -12"><span class='ocrx_word' id='word_1_144' title='bbox 227 1747 442 1803; x_wconf 78' lang='lat' dir='ltr'>corrigere</span> <span class='ocrx_word' id='word_1_145' title='bbox 475 1748 655 1802; x_wconf 83' lang='lat' dir='ltr'>perrexi.</span> <span class='ocrx_word' id='word_1_146' title='bbox 713 1749 908 1803; x_wconf 86' lang='lat' dir='ltr'>Deinde,</span> <span class='ocrx_word' id='word_1_147' title='bbox 939 1750 1003 1798; x_wconf 84' lang='lat' dir='ltr'>&#39;ad</span> <span class='ocrx_word' id='word_1_148' title='bbox 1032 1748 1250 1794; x_wconf 84' lang='lat' dir='ltr'>Plutarchi</span> <span class='ocrx_word' id='word_1_149' title='bbox 1279 1747 1466 1798; x_wconf 75' lang='lat' dir='ltr'>formam</span> 
     </span>
    </p>
   </div>
   <div class='ocr_carea' id='block_1_5' title="bbox 229 1821 1520 1880">
    <p class='ocr_par' dir='ltr' id='par_1_5' title="bbox 229 1821 1520 1880">
     <span class='ocr_line' id='line_1_22' title="bbox 229 1821 1520 1880; baseline 0.004 -14"><span class='ocrx_word' id='word_1_150' title='bbox 229 1821 512 1878; x_wconf 77' lang='lat' dir='ltr'>habitumque</span> <span class='ocrx_word' id='word_1_151' title='bbox 531 1835 619 1867; x_wconf 68' lang='lat' dir='ltr'>eam</span> <span class='ocrx_word' id='word_1_152' title='bbox 639 1826 865 1880; x_wconf 81' lang='lat' dir='ltr'>revocavi,</span> <span class='ocrx_word' id='word_1_153' title='bbox 897 1837 996 1870; x_wconf 90' lang='lat' dir='ltr'>cum</span> <span class='ocrx_word' id='word_1_154' title='bbox 1019 1825 1064 1870; x_wconf 90' lang='lat' dir='ltr'>in</span> <span class='ocrx_word' id='word_1_155' title='bbox 1090 1825 1319 1869; x_wconf 84' lang='lat' dir='ltr'>verborum</span> <span class='ocrx_word' id='word_1_156' title='bbox 1354 1825 1469 1871; x_wconf 78' lang='lat' dir='ltr'>dele-</span> <span class='ocrx_word' id='word_1_157' title='bbox 1514 1827 1520 1833; x_wconf 82' lang='grc'><strong><em>’</em></strong></span> 
     </span>
    </p>
   </div>
   <div class='ocr_carea' id='block_1_6' title="bbox 221 1905 1475 2588">
    <p class='ocr_par' dir='ltr' id='par_1_6' title="bbox 221 1905 1475 2502">
     <span class='ocr_line' id='line_1_23' title="bbox 230 1905 1468 1952; baseline 0.001 -1"><span class='ocrx_word' id='word_1_158' title='bbox 230 1915 310 1952; x_wconf 90' lang='lat' dir='ltr'>ctu</span> <span class='ocrx_word' id='word_1_159' title='bbox 339 1917 429 1950; x_wconf 92' lang='lat' dir='ltr'>tum</span> <span class='ocrx_word' id='word_1_160' title='bbox 462 1905 806 1951; x_wconf 79' lang='lat' dir='ltr'>constructionis</span> <span class='ocrx_word' id='word_1_161' title='bbox 842 1905 1023 1950; x_wconf 87' lang='lat' dir='ltr'>ratione.</span> <span class='ocrx_word' id='word_1_162' title='bbox 1082 1905 1219 1950; x_wconf 85' lang='lat' dir='ltr'>Porro</span> <span class='ocrx_word' id='word_1_163' title='bbox 1241 1905 1468 1952; x_wconf 83' lang='lat' dir='ltr'>maximam</span> 
     </span>
     <span class='ocr_line' id='line_1_24' title="bbox 229 1981 1468 2041; baseline 0.002 -15"><span class='ocrx_word' id='word_1_164' title='bbox 229 1983 554 2041; x_wconf 81' lang='lat' dir='ltr'>perspicuitatis</span> <span class='ocrx_word' id='word_1_165' title='bbox 600 1982 805 2026; x_wconf 91' lang='lat' dir='ltr'>rationem</span> <span class='ocrx_word' id='word_1_166' title='bbox 839 1981 1002 2037; x_wconf 85' lang='lat' dir='ltr'>habui;</span> <span class='ocrx_word' id='word_1_167' title='bbox 1039 1994 1196 2028; x_wconf 84' lang='lat' dir='ltr'>cavens</span> <span class='ocrx_word' id='word_1_168' title='bbox 1222 1995 1305 2039; x_wconf 90' lang='lat' dir='ltr'>ne,</span> <span class='ocrx_word' id='word_1_169' title='bbox 1348 1984 1468 2039; x_wconf 79' lang='lat' dir='ltr'>quod</span> 
     </span>
     <span class='ocr_line' id='line_1_25' title="bbox 231 2057 1469 2112; baseline -0.001 -10"><span class='ocrx_word' id='word_1_170' title='bbox 231 2057 328 2102; x_wconf 82' lang='lat' dir='ltr'>aliis</span> <span class='ocrx_word' id='word_1_171' title='bbox 345 2058 571 2102; x_wconf 86' lang='lat' dir='ltr'>nonnullis</span> <span class='ocrx_word' id='word_1_172' title='bbox 585 2087 603 2112; x_wconf 91' lang='lat'><strong>‚</strong></span> <span class='ocrx_word' id='word_1_173' title='bbox 633 2058 744 2102; x_wconf 88' lang='lat' dir='ltr'>idem</span> <span class='ocrx_word' id='word_1_174' title='bbox 769 2057 980 2102; x_wconf 81' lang='lat' dir='ltr'>accideret</span> <span class='ocrx_word' id='word_1_175' title='bbox 1003 2058 1137 2112; x_wconf 82' lang='lat' dir='ltr'>mihi,</span> <span class='ocrx_word' id='word_1_176' title='bbox 1167 2068 1219 2103; x_wconf 86' lang='lat' dir='ltr'>nt</span> <span class='ocrx_word' id='word_1_177' title='bbox 1246 2070 1337 2103; x_wconf 62' lang='lat' dir='ltr'>mea</span> <span class='ocrx_word' id='word_1_178' title='bbox 1359 2058 1469 2102; x_wconf 84' lang='lat' dir='ltr'>Ver-</span> 
     </span>
     <span class='ocr_line' id='line_1_26' title="bbox 234 2134 1475 2191; baseline 0.002 -11"><span class='ocrx_word' id='word_1_179' title='bbox 234 2136 304 2180; x_wconf 83' lang='lat' dir='ltr'>sio</span> <span class='ocrx_word' id='word_1_180' title='bbox 331 2134 518 2182; x_wconf 87' lang='lat' dir='ltr'>subinde</span> <span class='ocrx_word' id='word_1_181' title='bbox 545 2135 640 2190; x_wconf 86' lang='lat' dir='ltr'>ipsa</span> <span class='ocrx_word' id='word_1_182' title='bbox 662 2148 779 2191; x_wconf 82' lang='lat' dir='ltr'>opus</span> <span class='ocrx_word' id='word_1_183' title='bbox 803 2136 975 2180; x_wconf 83' lang='lat' dir='ltr'>haberet</span> <span class='ocrx_word' id='word_1_184' title='bbox 997 2136 1080 2189; x_wconf 76' lang='lat' dir='ltr'>alia</span> <span class='ocrx_word' id='word_1_185' title='bbox 1101 2135 1329 2181; x_wconf 77' lang='lat' dir='ltr'>versione.</span> <span class='ocrx_word' id='word_1_186' title='bbox 1385 2137 1475 2183; x_wconf 82' lang='lat' dir='ltr'>De-</span> 
     </span>
     <span class='ocr_line' id='line_1_27' title="bbox 221 2212 1475 2272; baseline 0.003 -16"><span class='ocrx_word' id='word_1_187' title='bbox 221 2213 371 2267; x_wconf 88' lang='lat' dir='ltr'>-nique</span> <span class='ocrx_word' id='word_1_188' title='bbox 390 2212 671 2271; x_wconf 68' lang='lat' dir='ltr'>Latinitatem</span> <span class='ocrx_word' id='word_1_189' title='bbox 693 2213 1011 2270; x_wconf 84' lang='lat' dir='ltr'>puritatemque</span> <span class='ocrx_word' id='word_1_190' title='bbox 1026 2214 1171 2259; x_wconf 82' lang='lat' dir='ltr'>curavi</span> <span class='ocrx_word' id='word_1_191' title='bbox 1183 2243 1199 2269; x_wconf 85' lang='grc'>,</span> <span class='ocrx_word' id='word_1_192' title='bbox 1219 2215 1475 2272; x_wconf 71' lang='lat' dir='ltr'>quoadejna</span> 
     </span>
     <span class='ocr_line' id='line_1_28' title="bbox 230 2290 1463 2349; baseline 0.005 -17"><span class='ocrx_word' id='word_1_193' title='bbox 230 2291 452 2334; x_wconf 72' lang='lat' dir='ltr'>servandis</span> <span class='ocrx_word' id='word_1_194' title='bbox 473 2291 651 2336; x_wconf 88' lang='lat' dir='ltr'>caeteris</span> <span class='ocrx_word' id='word_1_195' title='bbox 672 2290 825 2336; x_wconf 83' lang='lat' dir='ltr'>officiis</span> <span class='ocrx_word' id='word_1_196' title='bbox 850 2292 941 2336; x_wconf 85' lang='lat' dir='ltr'>fieri</span> <span class='ocrx_word' id='word_1_197' title='bbox 967 2303 1155 2348; x_wconf 89' lang='lat' dir='ltr'>poterat.</span> <span class='ocrx_word' id='word_1_198' title='bbox 1213 2291 1340 2349; x_wconf 85' lang='lat' dir='ltr'>Quae</span> <span class='ocrx_word' id='word_1_199' title='bbox 1355 2302 1463 2338; x_wconf 75' lang='lat' dir='ltr'>asne</span> 
     </span>
     <span class='ocr_line' id='line_1_29' title="bbox 239 2364 1466 2428; baseline 0.006 -22"><span class='ocrx_word' id='word_1_200' title='bbox 239 2364 383 2414; x_wconf 87' lang='lat' dir='ltr'>omnia</span> <span class='ocrx_word' id='word_1_201' title='bbox 406 2377 571 2411; x_wconf 85' lang='lat' dir='ltr'>servare</span> <span class='ocrx_word' id='word_1_202' title='bbox 585 2377 716 2422; x_wconf 85' lang='lat' dir='ltr'>atque</span> <span class='ocrx_word' id='word_1_203' title='bbox 740 2366 897 2412; x_wconf 84' lang='lat' dir='ltr'>effectu</span> <span class='ocrx_word' id='word_1_204' title='bbox 921 2377 964 2412; x_wconf 92' lang='lat' dir='ltr'>et</span> <span class='ocrx_word' id='word_1_205' title='bbox 982 2369 1155 2414; x_wconf 83' lang='lat' dir='ltr'>actione</span> <span class='ocrx_word' id='word_1_206' title='bbox 1169 2371 1466 2428; x_wconf 75' lang='lat' dir='ltr'>conjungere,</span> 
     </span>
     <span class='ocr_line' id='line_1_30' title="bbox 232 2440 1067 2502; baseline 0.016 -22"><span class='ocrx_word' id='word_1_207' title='bbox 232 2440 405 2493; x_wconf 83' lang='lat' dir='ltr'>difficile</span> <span class='ocrx_word' id='word_1_208' title='bbox 425 2452 506 2488; x_wconf 87' lang='lat' dir='ltr'>est.</span> <span class='ocrx_word' id='word_1_209' title='bbox 566 2444 898 2502; x_wconf 73' lang='lat' dir='ltr'>Feciquantum</span> <span class='ocrx_word' id='word_1_210' title='bbox 923 2448 1067 2502; x_wconf 87' lang='lat' dir='ltr'>potui.</span> 
     </span>
    </p>

    <p class='ocr_par' dir='ltr' id='par_1_7' title="bbox 294 2516 1463 2588">
     <span class='ocr_line' id='line_1_31' title="bbox 294 2516 1463 2588; baseline 0.009 -25"><span class='ocrx_word' id='word_1_211' title='bbox 294 2516 523 2564; x_wconf 87' lang='lat' dir='ltr'>Caeterum</span> <span class='ocrx_word' id='word_1_212' title='bbox 546 2533 686 2578; x_wconf 86' lang='lat' dir='ltr'>neque</span> <span class='ocrx_word' id='word_1_213' title='bbox 706 2525 792 2570; x_wconf 87' lang='lat' dir='ltr'>hoc</span> <span class='ocrx_word' id='word_1_214' title='bbox 812 2525 989 2588; x_wconf 72' lang='lat' dir='ltr'>silentio</span> <span class='ocrx_word' id='word_1_215' title='bbox 1006 2525 1356 2583; x_wconf 77' lang='lat' dir='ltr'>praetereundum</span> <span class='ocrx_word' id='word_1_216' title='bbox 1375 2537 1463 2573; x_wconf 84' lang='lat' dir='ltr'>est.</span> 
     </span>
    </p>
   </div>
   <div class='ocr_carea' id='block_1_7' title="bbox 1422 2602 1476 2654">
    <p class='ocr_par' dir='ltr' id='par_1_8' title="bbox 1422 2602 1476 2654">
     <span class='ocr_line' id='line_1_32' title="bbox 1422 2602 1476 2654; baseline 0 -5"><span class='ocrx_word' id='word_1_217' title='bbox 1422 2602 1476 2654; x_wconf 77' lang='lat' dir='ltr'>ln</span> 
     </span>
    </p>
   </div>
   <div class='ocr_carea' id='block_1_8' title="bbox 1604 2462 1624 2534">
    <p class='ocr_par' dir='ltr' id='par_1_9' title="bbox 1604 2462 1624 2534">
     <span class='ocr_line' id='line_1_33' title="bbox 1604 2462 1624 2534; baseline 0 0"><span class='ocrx_word' id='word_1_218' title='bbox 1604 2462 1624 2534; x_wconf 65' lang='lat' dir='ltr'>-i</span> 
     </span>
    </p>
   </div>
  </div>
 </body>
</html>
