1624 3016
222 184 580 242 PLUTARCHI
607 187 944 238 MORALIUM
970 187 1079 240 Vol.
1102 190 1143 238 1.
1222 191 1327 248 39?

85 319 213 365 i'aoem
237 317 480 371 habebant,
511 326 746 371 earumque
779 324 1038 372 receptarum
1061 327 1326 363 commemo·

92 395 204 442 ratio
230 407 320 439 non
357 403 503 447 tanta,
535 403 691 448 quanta
713 403 864 437 nostro
893 396 1094 449 saeculo,
1123 389 1331 451 religiono

87 474 299 519 coleretur
330 485 355 517 a
391 471 568 517 Criticis
593 485 606 516 ε
650 470 806 526 partim
837 469 945 514 feeit
971 470 1243 516 festinatione
1276 480 1327 515 ac

89 550 237 596 studio
274 550 333 593 rei
359 548 563 605 gerendae
582 558 631 589 ae
655 545 892 588 multorum
913 543 1155 589 Auctorum
1175 544 1334 589 editio⁴

87 626 221 672 nibus
255 627 308 670 de
341 626 470 670 bonis
502 622 662 668 Literis
692 621 799 664 bene
832 621 1030 666 metandi.
1084 622 1186 666 Fuit
1214 621 1333 665 enim

87 704 160 748 hic
175 705 244 750 vir
263 715 378 748 unus
397 700 587 748 omnium
602 698 712 743 idem
736 707 779 741 et
800 697 1168 743 laboriosissimus
1190 708 1233 742 et
1246 697 1337 740 effi·

87 779 346 825 eaeiasimua
372 785 415 821 et
451 769 805 828 eruditissimus,
834 774 913 830 qui
943 775 1088 830 plures
1114 775 1333 818 Auctorea

90 859 294 914 antiquos
318 854 517 901 tractavit
548 863 592 900 et
613 854 777 908 edidit,
807 866 934 910 quem
960 854 1031 899 isti
1055 854 1334 911 reprehenso-
1423 835 1432 844 ”

91 946 160 979 res
174 935 397 991 legerunt,
421 933 543 988 plura
582 930 787 987 scripsit,
813 943 943 988 quam
966 932 1039 976 isti
1060 932 1193 976 fando
1213 930 1339 975 audi·

95 1019 248 1057 vertmt
262 1041 279 1065 ,
310 1010 517 1066 majorem
550 1006 793 1053 doctrinam
828 1007 971 1053 animo
1000 1018 1241 1070 perceptam
1270 1016 1343 1050 te·

91 1087 216 1143 nuit,
252 1098 382 1143 quam
430 1085 506 1133 isti
546 1083 797 1142 suspicione
830 1084 1038 1142 attingere
1072 1095 1325 1144 potuerunt.

93 1163 271 1219 Nobis,
313 1171 418 1219 post
459 1174 557 1207 eum
590 1162 700 1206 idem
735 1161 927 1218 spatium
963 1162 1199 1219 ingressis,
1240 1174 1332 1208 non

91 1241 323 1287 illaudatus
353 1239 518 1284 abibit:
550 1251 684 1295 eaque
706 1239 835 1284 nobis
861 1241 943 1284 erit
962 1239 1149 1285 laudatio
1174 1249 1219 1285 et
1250 1239 1335 1285 fro-

97 1329 235 1373 quens
266 1318 312 1363 in
332 1318 416 1362 hoc
438 1330 566 1375 opere
587 1328 628 1362 et
667 1317 920 1372 verissim,
950 1327 1000 1362 ut
1033 1318 1114 1363 viri
1132 1318 1242 1363 bene
1268 1318 1336 1363 ‹n-

99 1405 175 1440 eta.
192 1396 246 1440 ad
266 1395 498 1452 legentium
521 1395 813 1451 cognitionem
841 1407 1138 1453 proponamus
1161 1404 1204 1440 et
1222 1396 1343 1440 eele-

98 1464 276 1518 brennus
283 1502 300 1528 ,
340 1485 467 1519 secus
503 1474 646 1528 dicta,
690 1473 730 1520 ai
765 1473 941 1529 quidem
975 1475 1239 1519 memoranda
1266 1473 1336 1518 vi·

100 1552 309 1605 deantur,
340 1562 621 1596 memoremus
657 1550 750 1595 sine
779 1550 980 1606 superbia
1009 1559 1053 1596 et
1081 1550 1335 1596 ostentatio·

99 1637 183 1682 ne,
213 1637 262 1672 ut
284 1626 373 1673 illis
397 1628 644 1674 erudiantur
667 1629 887 1685 legentes,
917 1626 986 1672 his
1008 1627 1332 1673 admoneantur.

647 1795 692 1853 ς.
752 1806 800 1849 9.

298 1955 363 2000 De
384 1953 510 1997 tribus
532 1954 776 1996 Editiom'bus
799 1955 1145 1999 Graeco-latim.

476 2027 527 2068 A.
556 2037 680 2077 1599,
708 2029 830 2075 1620,
858 2029 969 2076 1624.

165 2170 482 2228 Stephanianus
506 2180 735 2220 contextus
757 2171 960 2228 deinceps
978 2179 1242 2230 propagatus
1266 2179 1352 2227 per.

102 2259 190 2299 tres
221 2250 609 2298 Graeco-Latinas
647 2252 876 2299 Editiones
915 2262 1074 2297 tantam
1113 2260 1350 2298 assecutus

107 2340 175 2373 est
208 2330 503 2376 auctoritatem
518 2361 536 2386 ,
566 2340 617 2375 ut
639 2332 762 2375 solus
785 2341 932 2376 certus
953 2342 996 2376 et
1020 2342 1248 2396 germanus
1267 2329 1345 2375 ha·

50 2444 54 2451 Δ
110 2406 294 2451 beretur.
355 2407 648 2453 Continentur
670 2408 749 2452 hae
769 2407 999 2453 EditIones
1020 2408 1193 2453 duobus
1214 2407 1347 2451 volu-

110 2481 301 2527 minibus
334 2482 496 2528 formae
528 2482 734 2528 maximae
757 2514 774 2538 ,
823 2496 1009 2540 quorum
1050 2484 1239 2540 primum
1279 2489 1346 2524 est

112 2557 322 2608 Vitat-um
334 2587 356 2615 ,
397 2560 554 2606 additia
597 2560 686 2618 jam
715 2560 836 2608 Vitis
868 2560 1036 2610 Gaba
1065 2569 1108 2605 et
1139 2558 1349 2604 othonis.-

1290 2637 1357 2683 ssa
