1624 3016
333 144 524 200 VITA
572 153 632 200 n.
688 145 1135 204 Runm'tenu.
1265 146 1352 217 ⁵31

123 267 385 334 eorum-‘qui
418 287 630 333 tamquam
666 276 886 325 scribendi
913 279 1219 337 cogitandique
1250 293 1355 329 nor.

125 369 220 403 mae
236 356 495 412 'ete-exempla
515 356 816 402 auctoritatem
836 357 1066 413 haberent3
1098 359 1260 414 quibus
1286 361 1365 407 iti-¹

122 434 175 480 de
197 435 436 479 Auctorum
460 435 739 480 classicorum
777 447 935 478 nomen
967 435 1100 481 venit.
1161 436 1364 483 Critiem'

122 507 215 556 rum
240 512 428 568 primarii
454 524 496 558 et
515 522 648 558 aetate
666 523 708 557 et
734 512 844 558 fama
867 514 1134 559 celebrantur
1157 515 1364 562 Zenodo.·

122 586 226 643 tus,
257 586 588 646 Aristb'ephanee
611 575 877 648 Byzantius,
904 591 1182 636 >Aristarchus
1199 625 1215 647 ,
1245 593 1360 640 Cra-³

118 678 216 734 tes,
247 674 429 731 quorum
458 680 546 715 non
571 668 655 716 nisi
690 667 796 714 levia
823 677 1062 730 supersunt
1085 667 1319 726 fragmenta
1335 685 1353 719 a

12 754 28 810 ,ξ
120 755 164 789 et
197 744 387 801 quorum*
418 741 518 790 libri
554 746 705 789 servati
738 745 823 791 hoe
849 756 983 800 genua
1008 745 1078 802 vel
1101 746 1349 805 attingunt,

120 824 190 868 vel
224 823 600 878 complectuntur,
630 820 920 877 Aristotelea,
957 821 1199 880 Dionysius
1228 821 1350 868 Hali·

117 899 408 946 earnassensis
424 931 440 954 ,
471 900 716 945 Athenaeus
730 930 747 953 ‚
776 897 1005 955 Longinus
1021 931 1038 954 ‚
1053 899 1350 959 Porphyriusa

118 975 398 1022 eruditissimi
432 974 657 1029 homines,
690 972 767 1030 qul
801 964 1157 1031 et'multiplleem
1185 975 1355 1021 Aucto*

118 1067 212 1099 rum
238 1054 473 1099 doctrinam
512 1053 815 1109 materiamque
836 1040 1087 1109 'peneeptam
1121 1047 1357 1108 habereut,'

115 1139 160 1174 et
196 1129 473 1174 Rhetorieam
523 1127 943 1183 Grammaticamque
981 1136 1184 1175 tenerent.
1252 1114 1354 1173 ‘sea

117 1223 207 1267 quo
229 1212 325 1255 aolo
351 1208 609 1254 Rhetoricae
629 1220 803 1254 munere
829 1208 1051 1262 contenti,
1079 1207 1350 1253 laudabiliter

115 1295 167 1336 eo
187 1278 512 1345 ⁷fungerentur,
553 1287 808 1342 laudataque
840 1286 1000 1343 scripta
1030 1286 1351 1344 relinquerent,

114 1366 204 1413 fere
229 1377 329 1412 sunt
355 1359 647 1422 Hermogenes
663 1396 681 1419 ‚
711 1363 953 1419 Aristides,
981 1361 1167 1420 Theon,
1197 1363 1351 1412 Deme-

111 1445 252 1498 trius,
282 1443 356 1488 alii
389 1456 478 1489 non
516 1442 686 1498 quidem
721 1442 1052 1498 contemnendi,
1091 1453 1168 1487 nee
1205 1446 1350 1488 ta'men

114 1523 215 1567 eum
250 1519 318 1567 hia
355 1519 574 1564 doetrinae
599 1517 855 1574 praestantia
882 1518 1172 1575 comparandi.
1233 1503 1353 1562 Sunt'

111 1598 215 1646 vero
235 1599 358 1644 etiam
383 1598 553 1655 quidam
578 1598 685 1643 levIs
719 1607 762 1643 et
794 1599 960 1645 nulline
994 1597 1082 1643 fere
1110 1598 1351 1656 momenti,

23 1695 27 1703 ’
114 1676 303 1734 quinon
327 1675 412 1720 nisi
456 1675 716 1720 Dialecticae
739 1674 879 1719 abusu
901 1675 1128 1732 loquacem
1144 1674 1352 1740 ieiunita-

114 1761 199 1797 tem
223 1761 465 1808 sequuntur
483 1752 530 1796 in
551 1750 801 1799 definiendis
821 1750 1045 1809 generibus
1076 1759 1118 1794 et
1142 1751 1348 1808 caussis,

114 1828 220 1874 meri
238 1828 482 1885 Scriptores
512 1829 565 1873 de
595 1828 730 1884 Arte,
763 1829 828 1873 uti
855 1839 1095 1883 vocantur,
1123 1830 1355 1886 τεχνόγρα·

113 1911 213 1964 φοι,
243 1903 296 1949 ab
322 1903 440 1950 omni
471 1904 645 1949 aliarum
668 1904 908 1950 Literarum
940 1904 1155 1952 suavitate
1182 1906 1286 1952 nudi
1306 1914 1351 1951 et

111 1979 255 2030 vacui.
335 1979 386 2024 ln
429 1967 570 2024 eadem
613 1980 821 2026 tenuitate
853 1990 896 2025 et
932 1981 1106 2026 levitate
1144 1981 1352 2042 permulti

111 2058 218 2104 aunt
251 2056 558 2102 Grammaticiz
600 2066 644 2102 at
679 2069 781 2101 vero
818 2057 964 2113 plures
1007 2057 1133 2101 etiam
1175 2054 1350 2105 exeunt

111 2135 276 2192 'egregie
308 2134 456 2190 docti,
498 2133 789 2189 maximaeque
815 2134 867 2179 ad
897 2133 1142 2180 interiorem
1170 2134 1347 2191 linguae

111 2212 444 2267 Literarumque
470 2211 761 2269 cognitionem
800 2210 1017 2260 utilitatis.
1076 2211 1244 2256 Horum
1278 2212 1355 2274 alil

112 2289 321 2334 orationis
350 2291 557 2337 elementa
581 2298 622 2333 et
649 2288 1040 2344 compositionem,
1070 2299 1244 2334 naturae
1266 2287 1348 2335 ob·

29 2394 34 2400 ·
114 2368 355 2413 servatione
380 2377 421 2410 et
451 2379 549 2411 vera
574 2364 795 2413 dialectica
818 2364 980 2409 ratione
1004 2365 1244 2421 explicant,
1274 2379 1350 2410 ve·

111 2443 197 2490 luti
232 2443 496 2499 Apollonius
532 2443 787 2500 Dyscolus,
817 2452 859 2486 et
888 2441 1131 2501 Dionysius
1161 2441 1336 2491 Thraxz

110 2521 292 2572 aliorum
322 2534 451 2580 opera
484 2520 759 2571 continentur
792 2519 998 2578 Lexicia,
1025 2518 1164 2569 veluti
1190 2515 1340 2568 Pollu

742 2597 830 2646 Nn
866 2610 899 2657 4
1235 2597 1306 2646 eis
1322 2627 1344 2656 ,
