1624 3016
227 187 312 231 5a4
456 164 637 212 VITA
683 161 746 211 D.
790 161 1223 210 RUHNKENII.

230 298 313 348 lis,
344 302 421 336 nee
448 291 554 334 alter
587 287 824 343 quidquam
855 294 928 329 aut
957 286 1350 341 commentabatur,
1382 294 1460 330 aut

230 370 438 425 scriptum
472 364 653 418 edebat,
684 363 791 419 quin
822 373 919 405 cum
946 362 1079 404 altero
1112 363 1458 410 communicaret.

230 448 332 492 Sive
361 442 578 499 quaeritur
597 438 893 492 familiaritaa3
925 450 1003 494 per
1026 447 1129 481 octo
1149 446 1191 480 et
1212 437 1365 506 viginti
1387 451 1466 483 an.

232 536 316 570 nos
344 534 390 566 ea
414 519 518 564 mihi
559 517 644 561 suit
678 528 775 559 cum
812 515 889 559 illo
919 514 1220 567 consuetudo,
1251 522 1299 557 ut
1324 515 1467 561 omnia

235 600 354 653 sere,
385 606 427 640 et
460 596 567 638 laeta
599 602 641 636 et
675 590 845 646 tristia,
876 590 1007 635 nobis
1041 599 1183 635 essent
1205 590 1469 638 communia.

237 677 340 721 Sive
373 672 558 726 denique
590 680 706 725 opus
742 677 809 712 est
849 666 1059 712 orationis
1100 668 1277 722 quadam
1310 666 1475 711 doctri-

238 762 402 806 naeque
432 746 664 799 facultate;
696 743 828 799 haec,
859 754 907 788 ut
931 753 996 787 est
1023 744 1166 788 minor
1196 753 1239 786 et
1271 755 1360 787 mea
1387 755 1471 789 vo-

238 829 433 881 luntate,
472 835 514 869 et
555 824 791 867 multorum
835 820 1066 876 opinione,
1110 831 1188 865 nec
1224 831 1475 877 argumento

239 902 453 963 praesenti
488 914 597 957 par,
629 908 769 942 tamen
796 895 1045 940 Ruhnkenii
1076 897 1315 952 praeceptis
1342 897 1484 943 moni-

248 983 392 1037 tisque
412 977 713 1027 conformata,
747 974 791 1017 in
816 972 949 1029 hujus
970 971 1111 1027 ipsius
1133 972 1361 1026 laudibus,
1392 973 1481 1019 nisi

239 1068 367 1115 apte,
407 1050 760 1102 accommodate,
802 1057 845 1092 et
875 1059 1038 1103 acque,
1067 1058 1109 1092 at
1129 1047 1277 1105 juste,
1307 1050 1479 1107 debite,

240 1136 397 1192 pieque
424 1127 724 1186 explicabitur.

303 1211 370 1255 Ac
392 1220 446 1252 ne
469 1206 568 1261 quis
591 1203 763 1247 laudum
788 1202 988 1254 nomine,
1019 1202 1137 1256 quod
1155 1202 1383 1257 aliquoties
1402 1216 1486 1260 po·

247 1285 405 1340 sui‚eo
431 1283 662 1341 inducatur
678 1290 727 1323 ut
753 1287 877 1334 putet
899 1277 1004 1322 mihi
1026 1278 1309 1323 laudationem
1331 1278 1490 1327 Ruhn-

249 1360 364 1406 kenii
386 1371 478 1403 esse
499 1354 799 1414 propositam,
831 1354 875 1397 id
911 1364 1007 1408 est,
1037 1354 1249 1412 eiusmodi
1282 1356 1491 1411 scriptio·

239 1449 334 1483 nem
384 1447 468 1490 qua
502 1431 758 1488 praecipuos
803 1431 916 1475 vitae
952 1430 1202 1486 ingeniique
1234 1432 1357 1476 locos
1384 1432 1490 1477 deli·

246 1515 341 1557 bem
387 1522 429 1555 et
467 1509 661 1553 oratione
695 1519 827 1563 supra
862 1519 947 1550 rem
984 1507 1288 1562 veritatemque
1317 1507 1487 1554 efferam

248 1597 378 1643 atque
413 1596 627 1630 exornem.
697 1583 825 1627 Istam
869 1583 1077 1627 orationis
1114 1584 1361 1629 facultattm
1407 1597 1488 1630 nec

250 1677 333 1720 ego
366 1673 522 1715 teneo,
552 1673 630 1705 nec
667 1659 919 1703 Ruhnkenii
958 1660 1045 1703 vita
1080 1661 1313 1705 desiderata
1346 1674 1489 1718 quac,

253 1750 306 1785 ut
330 1740 392 1784 nil
414 1751 502 1783 non
528 1738 682 1781 habuit
710 1738 781 1779 vel
809 1736 1017 1779 laudabile
1036 1738 1103 1781 vel
1123 1750 1222 1780 cum
1243 1738 1369 1782 laude
1386 1750 1494 1783 con-

247 1819 480 1878 iunctum,
509 1815 571 1858 nil
605 1813 694 1857 nisi
730 1811 943 1867 simplex,
982 1822 1207 1868 apertum,
1237 1825 1280 1857 et
1313 1826 1492 1871 verum,

252 1894 311 1938 ita
349 1894 399 1936 ad
439 1891 606 1935 laudem
647 1888 838 1943 simplici
880 1889 1081 1943 nudaque
1111 1891 1353 1934 narratione
1384 1904 1495 1937 con-

251 1970 368 2013 tenta
413 1979 498 2011 est.
575 1966 635 2009 Et
678 1965 758 2008 erit
797 1977 898 2008 sane
930 1966 1112 2019 simplex
1149 1966 1249 2010 haec
1287 1968 1491 2023 scriptio-

256 2046 326 2091 nis
356 2043 466 2087 ratio
497 2041 862 2086 accommodatior
898 2053 995 2083 cnm
1034 2041 1088 2084 ad
1126 2040 1347 2088 facultatis
1379 2055 1496 2089 meae

255 2120 588 2165 mediocritatem
613 2148 631 2172 ,
674 2127 764 2160 tum
815 2118 868 2160 ad
913 2117 1182 2173 cognitionis
1227 2120 1499 2176 exemplique

252 2198 461 2242 fructum.

259 2292 267 2299 ·
318 2275 596 2317 Davmts
641 2283 1067 2315 RUHNKENIUS
1105 2280 1232 2315 natus
1254 2281 1321 2315 est
1343 2269 1504 2326 postri-

263 2349 334 2392 'die
359 2349 570 2391 Calendas
593 2347 772 2402 Januar.
800 2360 917 2391 anno
946 2348 1079 2404 hujus
1106 2332 1264 2393 saeculi
1296 2350 1501 2394 vicesimo

263 2425 424 2476 tertie,
447 2425 489 2467 in
514 2424 788 2474 Pomeraniae
813 2423 1029 2466 ulterioris
1053 2425 1210 2468 celebri
1231 2415 1358 2478 urbe,
1385 2422 1502 2467 Stol-

256 2515 339 2560 pa.
397 2499 596 2545 Parentes
624 2499 804 2547 fuerunt
831 2513 890 2546 ex
920 2501 1230 2547 honestissimo
1253 2499 1409 2545 civium
1431 2506 1507 2543 or-

1430 2574 1502 2625 das
