1624 3016
258 192 316 250 98
451 161 686 238 enarro
714 190 795 237 ne
826 190 1304 254 commemor-te

262 315 513 371 popularem
545 314 705 361 effecit.
763 314 869 374 Quo
899 315 1062 363 factum
1099 329 1198 376 est,
1226 332 1277 367 ut
1307 325 1510 371 Athenae

263 389 406 434 omnis
442 388 755 445 humanitatis,
785 400 830 435 et
866 392 1125 437 urbanitatis
1159 408 1323 454 mater,
1365 400 1502 456 magi·

267 475 357 510 stra
390 461 521 521 atque
546 467 666 511 sedes
693 477 736 511 et
761 477 877 512 esset
909 478 951 512 et
974 469 1212 518 haberetur.
1274 474 1402 522 Tune
1428 491 1503 523 ve-

270 556 322 588 ro
345 543 389 587 ln
411 541 694 599 Philosophia
731 553 893 598 quanta
927 556 1064 589 return
1088 545 1202 592 facts
1222 560 1290 595 est
1308 563 1504 596 commu·

266 619 403 665 tatio!
462 620 640 665 Scilicet
672 633 750 676 ea,
779 633 878 665 eum
914 621 1145 680 hucusque
1179 627 1233 671 ad
1266 640 1502 683 paucorum

267 697 491 743 hominum
513 696 711 743 notitiam
733 697 889 744 suisset
905 700 1137 756 adstricta,
1167 711 1209 747 et
1225 715 1360 749 rerum
1384 705 1504 752 abdi·

269 782 410 820 tarum
435 773 624 819 tenebris
645 773 840 820 involuta
855 804 873 830 ,
903 788 1019 820 nunc
1045 778 1140 833 ipsa
1169 790 1348 835 quoque
1372 781 1419 826 in
1438 782 1505 827 lu-

267 863 360 896 cem
389 863 635 907 erumpere,
666 852 893 908 popularis
918 852 1009 898 fieri
1030 864 1073 898 et
1094 856 1151 900 ad
1187 857 1411 903 hominum
1437 858 1507 905 in-

268 929 390 987 genia
412 931 730 976 accommodari
753 931 915 986 coepit.
963 930 1080 976 Hinc
1106 934 1190 977 ortl
1215 933 1403 989 primum
1422 933 1508 979 So·

270 1006 472 1064 phistae,
503 1007 579 1063 qui
602 1009 654 1052 de
673 1007 880 1053 omnibus
905 1008 1147 1064 propositis
1170 1010 1507 1064 quaestionibus

270 1084 453 1141 copiose
482 1095 524 1128 et
547 1085 758 1140 eleganter
777 1084 1056 1137 dissererent,
1087 1083 1360 1139 eloquentiae
1390 1097 1514 1141 prae-

266 1171 393 1217 cepta
421 1163 663 1215 traderent,
704 1160 1007 1218 ejusmodique
1038 1171 1086 1205 se
1114 1161 1344 1216 sapientiae
1376 1160 1514 1219 magi·

272 1250 393 1286 stros
429 1238 761 1295 profiterentur,
801 1249 929 1293 quam
966 1238 1003 1282 si
1037 1238 1136 1294 quis
1164 1249 1353 1293 teneret,
1391 1240 1431 1284 is
1462 1241 1509 1286 in

268 1317 391 1361 omni
437 1316 553 1363 vitae
597 1327 748 1373 genere
798 1316 1002 1360 excellere
1043 1325 1210 1371 posset.
1293 1316 1427 1373 Quod
1466 1315 1509 1359 si

274 1392 618 1449 praestitissent,
647 1393 749 1449 quis
780 1402 848 1438 est
867 1392 943 1449 qni
964 1405 1040 1436 eos
1065 1393 1117 1436 de
1141 1391 1364 1436 hominum
1386 1404 1514 1449 gene-

269 1487 316 1519 re
355 1474 522 1531 egregie
561 1474 736 1520 meritos
766 1485 861 1518 esse
896 1472 1054 1530 neget?
1120 1472 1283 1515 Verum
1316 1471 1515 1527 plerique

271 1562 419 1597 eorum
449 1563 551 1595 cum
583 1563 675 1595 non
707 1550 942 1606 sapientiae
980 1550 1230 1607 veritatem,
1259 1551 1335 1594 sed
1363 1549 1509 1596 fictam

272 1631 491 1688 speciem,
528 1632 770 1686 traderent3
800 1630 951 1684 venit,
979 1640 1194 1684 tamquam
1225 1642 1250 1674 a
1283 1630 1410 1675 coelo
1439 1630 1515 1675 de-

270 1711 466 1765 missus,
495 1710 723 1766 Socrates,
757 1709 835 1765 qui
861 1708 1162 1764 Sophistarum
1195 1706 1359 1754 fastum
1391 1718 1506 1754 retu-

269 1788 334 1832 dit
353 1796 484 1843 atque
504 1786 763 1844 exagitavit,
793 1786 1018 1840 homines,
1050 1786 1127 1841 qui
1153 1799 1199 1830 se
1222 1787 1274 1830 ad
1299 1799 1420 1832 susm
1442 1787 1511 1832 di-

267 1861 500 1918 sciplinam
533 1863 835 1919 applicarent,
865 1863 918 1906 ab
955 1863 1179 1919 opinionis
1218 1863 1423 1908 inanitate
1456 1865 1512 1911 nd

273 1941 478 1986 scientiae
521 1942 739 1985 veritatem
776 1940 1026 1995 revocavit,
1068 1941 1413 1996 admonuitque,
1460 1951 1513 1987 ut

276 2023 330 2063 se‘
364 2018 488 2074 ipsos
509 2022 646 2062 nosse
665 2019 908 2072 discerent,
939 2029 994 2062 ne
1017 2019 1134 2062 ultra
1156 2018 1330 2063 humani
1350 2017 1516 2078 ingenii

272 2096 392 2141 vires
414 2107 562 2152 sapere
576 2105 860 2150 conarentur,
880 2105 953 2150 et,
970 2094 1070 2139 siin
1092 2095 1516 2151 aliquareproiicere

274 2177 467 2230 vellent,
497 2174 624 2232 periti
647 2187 742 2218 esse
771 2174 920 2230 potius
957 2185 1085 2229 quam
1116 2173 1249 2217 videri
1276 2174 1512 2218 studerent.
1558 2164 1562 2167 ’

270 2254 342 2299 Ex
375 2253 510 2310 hujus
540 2250 800 2307 disciplina,
838 2250 975 2295 veluti
1003 2261 1056 2295 ex
1092 2249 1327 2305 sapientiae
1356 2247 1509 2304 fonte,

273 2342 457 2385 magnus
509 2327 670 2372 effluxit
715 2327 1032 2382 discipulorum
1076 2338 1312 2381 numerus,
1360 2328 1512 2372 xeno-

273 2407 428 2464 phon,
471 2407 626 2459 Plato,
665 2405 932 2459 Aeschines,
971 2404 1281 2458 Antisthenes,
1317 2404 1511 2460 Aristip-

272 2497 390 2542 pus,
431 2483 663 2538 Phaedon,
701 2475 932 2536 Simmias,
969 2482 1143 2538 Cebes,
1181 2479 1371 2537 aliique,
1401 2481 1511 2537 qui,

1376 2573 1514 2616 quan-
