1624 3016
383 141 615 195 rmos.
645 137 788 191 cum
815 135 1122 191 armis.
1306 143 1399 195 ως,

141 278 308 321 eertum
340 268 608 327 relinquere3
638 282 662 314 a
694 266 1060 324 contemplatione
1090 265 1144 311 ad
1174 262 1386 309 actionem

141 349 467 408 progredietur,
508 359 561 392 ex
594 348 744 391 umbra
777 347 823 390 in
861 347 994 389 solem
1033 342 1248 398 prodibit,
1284 353 1392 398 ope-

143 440 318 484 ramque
337 426 484 479 dabit,
514 437 563 470 ut
585 438 663 470 aua
687 425 801 468 bona
823 434 922 466 cum
957 421 1053 465 aliia
1077 421 1386 468 communicet.

146 503 232 548 Hic
259 515 306 547 se
333 503 388 547 ad
420 500 709 547 observandos
738 499 962 542 hominum
994 509 1136 541 mores
1168 498 1397 542 actiones..

149 593 235 635 que
265 580 412 632 dabit,
441 575 769 633 experientiam,
800 573 1085 618 certissimam
1126 584 1278 616 rerum.
1299 578 1389 617 ma.

150 658 353 714 gistum,
379 665 421 700 et
444 656 538 712 ejus
562 652 789 704 vicariam,
808 651 921 696 vitae
941 651 1108 704 lucem,
1131 649 1352 694 historiam
1367 679 1388 704 ,

151 736 200 781 in
230 734 435 780 auxilium
470 730 675 785 vocabit,
713 729 1045 775 conversionum
1080 728 1392 781 mutationum-

151 824 236 868 que
264 818 476 856 momenta
496 821 656 863 nosse,
688 808 1046 866 ingeniorumque
1076 805 1221 851 varios
1250 819 1390 853 recea-

153 906 231 939 eus
252 893 448 949 indagare
470 891 686 945 studebit,
711 899 761 935 ut
779 889 886 935 sciat
910 900 996 944 qua
1020 888 1185 933 ratione
1211 887 1392 942 quaevle

149 984 218 1018 res
249 971 485 1025 efficiatur,
514 979 558 1015 et
587 963 808 1015 hominum
837 968 970 1014 animi
997 968 1050 1011 ad
1084 974 1396 1023 quamcunque

149 1063 235 1096 rem
269 1050 487 1106 quomodo
525 1048 671 1101 flecti,
702 1046 925 1103 quomodo
949 1059 975 1091 a
1004 1045 1126 1092 vitiis
1143 1044 1399 1099 'deterret-i,-

147 1127 204 1177 ad
234 1126 524 1181 virtutemque
546 1123 706 1180 impelli
734 1123 929 1167 debeant.
988 1120 1106 1166 Tum
1140 1133 1244 1167 vero
1271 1120 1396 1164 vide-

150 1205 244 1259 bit,
282 1203 591 1249 subtilisaimas
624 1202 717 1247 illas
753 1202 805 1245 de
851 1200 971 1245 bono
1001 1210 1043 1245 et
1073 1200 1187 1244 malo
1213 1200 1392 1243 demon·

150 1281 378 1327 strationes
428 1279 481 1324 ad
524 1278 882 1323 commovendum
935 1275 1203 1332 perexiguam
1236 1274 1394 1319 habere

145 1362 263 1414 vim,
292 1368 364 1413 et,
395 1352 591 1414 quamvis
612 1368 768 1402 certam
787 1389 803 1411 ‚
838 1365 978 1401 tamen
1016 1367 1105 1400 non
1135 1355 1221 1400 nisi
1254 1355 1386 1400 levis-

149 1438 328 1492 simam,
360 1446 401 1480 et
427 1448 536 1491 quae
557 1434 746 1481 animum
785 1447 874 1478 non
907 1444 1079 1490 tangat,
1109 1433 1269 1477 efficere
1294 1445 1393 1488 per·

146 1511 422 1566 suasionem3
453 1521 602 1556 contra
625 1522 753 1555 omne
775 1519 1039 1555 momentum
1071 1521 1166 1554 csse
1187 1508 1231 1553 in
1252 1521 1395 1553 exem·

150 1589 263 1648 plis,
287 1600 472 1644 quorum
496 1588 564 1633 vis
587 1597 677 1633 tum
700 1588 939 1633 vehementi
962 1596 1085 1632 motu
1108 1587 1278 1644 ingenia
1294 1599 1394 1643 per·

150 1668 299 1720 cellit,
329 1677 421 1711 tum
457 1667 510 1711 iis
535 1667 685 1711 leniter
703 1666 878 1710 virtutis
899 1677 1081 1712 amorem
1107 1665 1318 1718 instillat,
1347 1673 1391 1708 et

152 1755 238 1788 usu
271 1742 560 1798 exercitioque
591 1742 761 1787 firmum
795 1743 1077 1799 stabilemque
1105 1744 1257 1788 reddit.
1318 1744 1395 1787 Sic

147 1833 351 1870 cuminus
371 1822 444 1867 ille
459 1822 669 1876 Pericles,
701 1835 798 1867 cum
824 1835 877 1868 ex
900 1823 1176 1879 Anaxagorae
1195 1822 1396 1879 discipli·

150 1912 206 1944 na
227 1899 585 1943 accuratissimam
611 1900 767 1944 mentis
792 1900 1024 1953 humanae,
1045 1900 1159 1953 veri,
1186 1900 1387 1958 pulchri,

154 1986 196 2022 et
234 1976 341 2021 boni
384 1976 675 2034 cognitionem
730 1977 975 2031 hausisset,
1026 1977 1185 2034 ingenii
1228 1977 1393 2033 aciem,

154 2065 282 2110 quam
308 2066 445 2097 rerum
473 2054 782 2098 reconditarum
807 2065 850 2099 et
878 2054 1217 2112 intelligibilium
1246 2055 1397 2100 consi·

153 2131 371 2176 der-atione
399 2141 640 2176 exercuerat
654 2163 670 2185 ,
701 2133 755 2176 ad
776 2144 843 2176 res
863 2124 1093 2188 populares
1129 2134 1404 2180 communis·

155 2220 241 2263 que
261 2207 463 2253 utilitatis
483 2208 700 2262 traduxit,
730 2218 771 2252 et
802 2223 826 2253 a
857 2211 1223 2266 contemplatione
1248 2213 1302 2256 ad
1330 2210 1397 2256 ci·

151 2285 272 2330 vium
284 2296 459 2327 suorum
478 2284 646 2340 ingenia
662 2286 916 2329 emendanda
927 2287 1242 2341 excolendaque
1256 2297 1397 2331 trans·

156 2362 225 2406 iit.
283 2362 334 2406 Id
369 2374 471 2406 vero
513 2363 733 2418 quomodo
765 2364 992 2419 adgressus
1019 2363 1117 2408 est?
1176 2365 1248 2409 An
1278 2363 1400 2410 sorte

155 2438 328 2484 scholas
350 2438 547 2494 aperuit,
576 2440 622 2484 in
646 2440 807 2496 quibus
828 2441 1021 2499 magistri
1042 2451 1266 2502 praecepta
1287 2442 1402 2486 sub-v

1343 2530 1399 2576 13-
