1624 3016
313 93 399 156 384
539 100 715 148 νιτΑ
754 98 814 147 n.
852 98 1296 154 Ruunxemr.

378 225 551 268 Annum
570 220 768 267 Lutetiae
784 224 988 280 transegit
1007 226 1316 278 Ruhnkeniuss
1339 244 1382 278 et
1405 234 1543 278 incre·

319 302 452 346 dibile
483 311 548 344 est
569 301 714 356 dictu,
744 311 852 357 quot
891 312 974 347 tam
1000 304 1118 349 brevi
1145 309 1287 362 spatio
1306 311 1540 366 descripse-

318 375 375 419 rit
419 375 607 421 ineditos
654 376 1005 433 Grammaticos,
1043 380 1333 441 scholiastae,
1375 386 1538 431 Rheto-

318 467 413 502 resz
454 466 564 511 quot
599 458 698 502 item
731 459 963 503 contulerit
999 461 1136 505 editos
1169 461 1406 518 Scriptores
1437 479 1536 512 cum

315 530 542 579 codicibus
583 535 784 591 scriptis,
829 535 1092 590 Homerum,
1134 537 1400 595 Hesiodum,
1437 543 1542 589 Cal.

314 606 544 652 limachum
566 640 584 664 ,
643 611 924 666 Apollonium
979 612 1233 668 Rhodium,
1282 614 1540 675 Orpheo-3

313 683 562 741 Platonem,
592 688 952 743 Xenophontem,
981 691 1274 745 Athenaeum,
1304 691 1540 740 Philostra-

316 771 412 806 tum
430 793 447 816 ,
476 763 780 819 Alciphronem
794 796 812 821 ,
840 767 950 811 alios
973 780 1085 822 quos
1106 781 1348 833 enumerare
1364 770 1542 827 longum

314 837 393 883 sit.
462 839 658 897 Quorum
707 842 898 887 omnium
939 855 1140 900 excerpta
1179 854 1222 889 et
1266 846 1543 902 apographa,

315 926 370 958 ex
397 915 549 959 multis
578 916 649 960 illa
679 915 774 959 aliis
805 915 1006 972 Europae
1040 918 1319 964 bibliothecis
1354 931 1478 967 aucta
1496 930 1546 967 et

313 989 606 1044 locupletata,
639 990 808 1047 insigne
841 1002 976 1046 sunt,
1005 1002 1048 1037 et
1067 994 1243 1039 unicum
1270 997 1380 1041 inter
1398 997 1540 1053 priva-

312 1071 410 1117 tos,
442 1063 849 1111 RuhnkenIanorum
873 1068 1079 1114 librorum
1098 1081 1392 1116 ornamentum
1413 1082 1455 1117 et
1473 1073 1549 1118 in·

312 1149 614 1186 strumentum.
658 1141 815 1198 Neque
840 1155 942 1188 vero
963 1144 1047 1188 sibi
1074 1146 1159 1193 soli
1182 1145 1379 1192 Lutetiae
1401 1148 1540 1203 vixit,

313 1219 391 1262 secl
411 1219 560 1265 amieis
583 1219 753 1264 Batavis
785 1221 918 1265 multa
941 1220 986 1265 in
1012 1222 1093 1266 hoc
1125 1222 1368 1267 studiorum
1392 1236 1542 1280 genere

245 1294 247 1296 ’
316 1294 453 1339 officia
503 1296 717 1349 praestitit
738 1326 755 1351 ,
798 1296 1124 1343 Hemsterhusio
1144 1329 1162 1354 ,
1218 1300 1540 1359 wesselingio,

316 1370 630 1427 Valckenario,
659 1372 881 1429 Alba-tio,
913 1374 1136 1421 Piersono.
1194 1378 1343 1431 Atque
1372 1386 1540 1425 tautum

314 1448 503 1494 laborem
524 1450 735 1495 exantlare
757 1463 845 1496 non
868 1453 1115 1507 potuisset,
1142 1453 1225 1497 nisi
1246 1454 1452 1500 valuisset
1470 1467 1543 1512 ea,

317 1538 446 1578 quam
475 1540 603 1583 supra
627 1527 846 1582 diximus,
877 1529 1035 1584 ingenii
1064 1529 1280 1584 animique
1308 1530 1544 1589 facilitate,

305 1603 447 1649 etudIi
471 1605 712 1650 constantia
737 1614 779 1649 et
800 1605 1010 1660 efficacis,
1041 1619 1150 1661 quae
1173 1609 1545 1663 praesertimyfler.

313 1681 440 1725 culeo
487 1681 674 1736 quodam
710 1681 910 1738 corporis
948 1684 1102 1727 robore
1142 1685 1384 1740 niteretur,
1422 1689 1543 1742 quod

310 1756 417 1802 item
447 1757 495 1802 in
535 1767 631 1803 toto
663 1759 757 1815 eius
789 1759 939 1803 habitu
973 1770 1016 1803 et
1049 1771 1169 1804 motu
1198 1754 1448 1819 apparerem
1491 1774 1543 1811 ut

315 1834 490 1879 venusti
520 1835 717 1880 homines
750 1835 871 1891 quod
903 1835 1008 1879 mihi
1041 1836 1195 1893 viginti
1226 1839 1350 1883 annis
1390 1849 1544 1896 postea

315 1914 460 1964 eadem
487 1912 540 1962 de
560 1924 710 1962 caussa
732 1912 777 1958 in
798 1913 937 1957 eadem
968 1913 1074 1957 urbe
1093 1915 1266 1976 degenti
1284 1915 1543 1967 parisienses

318 1989 492 2044 quidam
511 1999 674 2034 veteres
701 1989 819 2034 illius
852 1990 1078 2035 familiares
1111 2002 1363 2048 narrarunt,
1391 1994 1542 2041 subin·
1615 2042 1624 2057 ,

313 2068 367 2111 de
399 2078 496 2110 eum
515 2065 753 2119 >Herculem
777 2065 1030 2123 Musageten
1053 2078 1268 2118 vocarent.
1326 2068 1540 2124 Equidem

313 2143 674 2199 quotiescumque
700 2143 753 2191 de
783 2142 1032 2191 Ruhnkenii
1062 2144 1293 2191 Parisiensi
1323 2157 1437 2191 anno
1457 2158 1537 2191 co-

311 2219 436 2275 gito,
478 2221 607 2264 toties
657 2220 764 2263 mihi
808 2219 1011 2265 Herculis
1049 2223 1212 2276 species
1248 2231 1346 2266 ante
1383 2225 1536 2268 oculos

317 2300 570 2360 obversatur
600 2301 768 2346 labores
802 2300 903 2346 illos
930 2302 1201 2347 exantlantis.
1259 2301 1415 2357 Neque
1443 2301 1534 2346 ani·

307 2381 428 2422 inum
459 2379 652 2434 capiebat
682 2380 856 2424 satietas
898 2381 1138 2424 taediumve
1168 2378 1352 2424 laboris:
1393 2389 1532 2432 neque

309 2454 501 2502 laborem
534 2456 865 2516 intermittebat,
905 2458 994 2506 nisi
1028 2471 1208 2517 corpote
1239 2457 1299 2502 ita
1312 2478 1317 2482 ·
1331 2453 1534 2512 defatiga-

1428 2545 1535 2591 tus,
