1624 3016
295 194 381 241 '172
434 178 772 230 PRAEFATIO
814 190 877 225 nx
905 175 1087 224 Lumo
1113 175 1442 225 PRAECEPT.

295 309 388 362 tio,
412 316 461 350 ut
483 303 617 350 nolim
640 314 787 348 eorum
807 299 975 358 judicio
995 301 1163 357 elegans
1180 302 1340 347 haberi.
1370 301 1522 346 Enim.

295 396 431 436 vero,
461 382 559 437 quis
583 364 756 435 turpio!
776 389 870 422 esse
895 386 1036 430 potest
1066 389 1210 431 error,
1240 390 1364 432 quam
1394 390 1518 422 suam

294 458 592 516 negligentiam
623 457 675 501 ad
714 465 983 499 communem
1018 465 1155 496 rerum
1181 464 1371 511 naturam
1396 453 1525 499 refer.

295 549 372 591 re,
400 547 510 592 quae
530 534 781 590 longissime
803 532 925 576 abest
956 544 981 576 a
1013 532 1272 584 temeritate,
1301 540 1343 575 et
1373 532 1520 586 potius

292 625 449 661 certam
480 613 591 658 viam
626 612 918 666 rationemque
947 608 1178 670 sequitur?
1237 609 1375 664 Atqui
1411 608 1523 653 hanc

293 691 404 737 viam
426 687 690 743 Dialectica‚
724 686 862 732 veluti
885 685 1144 742 speculatrix
1168 697 1219 729 ae
1242 683 1430 729 venatrix
1449 694 1526 729 na·

292 775 442 820 turae,
471 764 600 809 certis
635 762 832 821 vestigiis
861 762 1066 818 indagat,
1094 763 1328 816 describit,
1366 760 1528 806 descri-

291 854 410 901 ptam
443 843 498 888 ad
519 853 787 886 communem
819 840 1042 884 utilitatem
1068 840 1307 895 proponit,
1339 849 1384 882 ut
1405 848 1524 882 metra

291 929 508 974 tamquam
541 916 585 961 in
611 915 757 960 tabula
779 915 857 959 iter
885 927 1012 959 suum
1035 915 1132 970 ipsa
1157 926 1420 971 cognoscat,
1450 928 1525 960 ne-

290 997 376 1051 que
398 994 442 1039 in
467 1006 567 1038 vero
595 994 835 1047 quaerendo
868 1002 1021 1035 temere
1048 1003 1256 1048 vagetur,
1285 1004 1359 1038 aut
1392 1005 1523 1040 caeco

291 1073 458 1127 impetu
477 1070 659 1115 feratur.
719 1068 780 1113 At
794 1067 822 1123 ,'
842 1068 1076 1123 inquiunt,
1109 1068 1337 1115 Dialectiea
1355 1069 1409 1114 de
1427 1070 1525 1126 Syi-

287 1149 571 1206 logismorum
599 1147 753 1204 figuris
770 1157 814 1191 et
835 1146 978 1191 modis
1001 1147 1136 1192 multa
1158 1148 1391 1204 praecipit,
1414 1158 1526 1204 quae

287 1227 545 1272 abhorreant
578 1225 631 1269 ab
665 1225 871 1281 elegantia
910 1224 1155 1279 doctrinae,
1194 1234 1236 1270 ct
1277 1222 1404 1280 plena
1434 1226 1525 1271 sint

286 1315 528 1360 nugarum,
567 1302 774 1349 utilitatis>
794 1301 954 1348 inania.
1011 1303 1183 1348 Audio:
1214 1315 1357 1358 neque
1378 1316 1521 1361 nego,

286 1383 423 1427 multa
453 1394 546 1426 esse
579 1376 829 1436 compendia
863 1381 916 1424 de
951 1379 1115 1435 quibus
1146 1380 1220 1425 illa
1247 1382 1523 1438 reprehensio

285 1460 436 1503 valeat.
495 1457 581 1502 Sed
605 1457 713 1501 idem
739 1468 821 1512 ego
842 1455 952 1500 illud
976 1457 1223 1511 contendo,
1254 1457 1405 1512 quiex
1431 1458 1524 1504 ina-

283 1537 414 1581 nibus
438 1547 536 1580 vera
559 1534 768 1589 utiliaque
800 1545 891 1578 non
922 1533 1132 1590 seligant,
1162 1534 1337 1580 minime
1369 1547 1523 1591 capere

284 1625 427 1664 veram
450 1612 537 1656 vim
563 1611 810 1666 elegantiae.
871 1610 984 1655 Nam
1010 1620 1055 1655 et-
1079 1611 1164 1667 lpsi
1194 1609 1394 1668 profecto
1417 1614 1518 1671 Syl-

282 1691 458 1746 logismi
486 1689 623 1746 positi
651 1687 755 1733 s'unt
790 1689 834 1734 in
858 1701 903 1733 re
933 1698 975 1734 et
1007 1682 1187 1745 natura,
1217 1690 1381 1747 quippe
1403 1704 1518 1747 quos

284 1779 406 1812 mens
427 1766 521 1823 ipsa
545 1766 673 1811 tacite
692 1766 916 1822 sequiturs
947 1776 990 1812 et
1013 1769 1217 1825 elegantia
1242 1782 1325 1814 suo
1342 1770 1520 1816 nomine

280 1844 541 1902 profitetur,
582 1857 629 1889 se
655 1845 866 1901 judicium
903 1846 1204 1901 delectumque
1235 1846 1365 1892 rebus
1396 1848 1517 1894 adhi-

281 1924 406 1978 bere,
446 1936 497 1967 ex
530 1922 673 1977 iisque
711 1923 966 1968 utilissimas
1004 1937 1199 1980 quasque
1231 1925 1437 1983 seligere,
1474 1935 1520 1971 et

282 2010 396 2045 certa
418 1999 582 2043 ratione
609 2001 663 2044 ad
688 2013 814 2044 usum
846 1985 1111 2047 convertere,
1172 2001 1304 2060 Quod
1337 2004 1375 2046 si
1397 2003 1519 2047 deni·

283 2089 368 2130 que
397 2076 634 2122 auctoritas
673 2078 838 2133 aliquid
879 2080 1023 2134 valet,
1067 2092 1304 2135 possumus
1334 2080 1516 2126 excitare

278 2155 530 2208 Platonem,
562 2155 835 2200 Aristotelem
851 2188 868 2211 ,
898 2157 1181 2212 Ciceronem,
1209 2157 1406 2215 aliosque
1427 2159 1517 2204 Ve-

278 2242 416 2276 terum
442 2231 549 2276 bene
575 2232 770 2287 multos,
800 2233 962 2287 quibus
994 2246 1119 2278 nemo
1147 2232 1275 2279 facile
1306 2248 1516 2281 summam

278 2319 321 2353 et
353 2309 665 2365 Philosophiae
691 2319 745 2355 et·
767 2311 997 2366 elegantiae
1030 2312 1197 2356 laudem
1226 2313 1512 2368 denegaverit.

276 2386 340 2432 Hi
364 2399 491 2443 ergo,
523 2387 560 2430 si
583 2387 841 2434 Dialecticae
870 2391 1096 2436 maximam
1129 2391 1217 2435 vim
1242 2390 1513 2447 tribuerunt,

276 2464 317 2508 si
351 2464 398 2508 in
439 2463 681 2509 definiendo
718 2455 1011 2523 diligentiam,
1052 2468 1099 2512 in
1141 2469 1371 2514 dividendo
1410 2482 1511 2516 acu-

277 2549 405 2597 men,
449 2540 495 2588 in
527 2543 864 2597 argumentando
895 2542 1177 2590 subtilitatem
1209 2546 1348 2591 secuti
1377 2555 1512 2601 sunt3

294 2655 319 2670 c
1131 2634 1143 2637 “
1410 2622 1521 2682 quid
