1624 3016
245 185 340 231 no
442 172 676 224 ortano
703 172 785 220 DE
815 174 1292 237 comt-'Nemota

245 304 382 349 tiliter
416 298 681 359 explicaret?
751 297 936 344 Minime
970 301 1099 347 ναοί
1136 302 1328 353 Noverat
1367 310 1488 358 mim

247 381 358 424 hanc
382 376 583 421 rationem
606 375 878 420 austeriorem
905 388 1031 431 esse,
1059 391 1186 433 quam
1212 391 1258 427 ut
1278 385 1481 434 universo

245 457 415 514 populo
454 455 620 510 placere
653 463 829 509 possets
873 452 1060 510 Poesin,
1104 455 1349 515 Musicam,
1390 463 1485 510 Co-

239 533 481 587 moediam,
510 530 824 588 Tragoediam,
852 530 1124 587 Orator-iam,
1154 543 1196 577 et
1231 537 1373 582 omnia
1398 540 1483 585 ele-

245 610 413 669 gantiae
444 609 637 654 studIum
669 603 866 662 induxit,
904 617 954 652 ut
988 608 1272 655 Athenienses
1308 613 1482 668 pulchri

245 687 508 741 honestique
538 694 669 732 sensu
712 682 934 739 inbueret,
968 694 1012 730 et
1051 686 1226 741 penitus
1274 689 1480 738 inliceret.

242 764 394 820 Atque
415 763 484 808 his
501 761 790 808 suavitatibus
819 772 986 807 tantum
1008 762 1129 808 abest
1154 775 1200 808 ut
1222 778 1369 811 eorum
1391 767 1486 813 ani.

246 854 346 891 mos
374 843 580 888 enervarit
606 841 855 897 debilesque
879 841 1132 896 reddiderit,
1162 853 1210 889 ut
1244 845 1396 900 potius
1426 847 1481 892 ad

245 911 451 967 maximas
487 931 684 975 quasque
703 932 769 963 res
791 919 1073 974 capessendas
1093 921 1264 966 excitati
1282 922 1487 979 impulsi.

243 1011 332 1055 que
365 997 542 1042 fuerint.
611 995 763 1051 ltaque
794 995 909 1040 bello
942 995 1342 1054 Peloponnesiaco,
1378 1015 1481 1049 cum

243 1074 440 1122 Athenae
457 1083 572 1118 extra
592 1071 822 1117 obsidione
836 1081 1157 1129 premerentur,
1187 1073 1299 1120 intra
1318 1077 1484 1134 gravis-

243 1151 356 1198 sima
378 1149 490 1195 fame
508 1161 556 1194 ac
579 1158 701 1206 peste
724 1148 964 1195 laborarent
977 1181 994 1205 ,
1011 1158 1130 1197 tanta
1145 1153 1371 1208 prudentia
1389 1153 1485 1199 sni-

243 1239 413 1272 morum
449 1226 632 1271 habenas
661 1225 803 1270 tenuit
822 1235 866 1271 et
888 1226 1132 1273 moderatus
1152 1238 1250 1284 est,
1280 1238 1329 1275 ut
1345 1229 1485 1274 Athe·

241 1305 417 1350 aienses
433 1302 582 1358 potius
604 1300 787 1357 famem.
807 1313 968 1358 pestem
982 1333 999 1357 ,
1016 1301 1164 1348 funera
1177 1334 1195 1358 ,
1215 1304 1387 1359 caedes,
1411 1304 1478 1349 in·

238 1382 477 1439 cendiaque
493 1393 704 1436 suorum,
731 1381 898 1427 invicto
929 1392 972 1426 et
995 1382 1234 1429 incredibili
1258 1384 1388 1429 animi
1410 1397 1481 1430 ro·

241 1461 348 1506 bore
367 1459 628 1516 perferrent,
658 1472 784 1515 quam
805 1459 876 1504 vel
898 1472 1047 1516 parum
1071 1473 1096 1505 a
1129 1460 1268 1506 laudis
1300 1471 1342 1506 et
1371 1474 1480 1507 con·

238 1538 423 1584 stantiae
447 1526 620 1582 tramite
647 1539 836 1583 recedere
866 1538 1044 1583 vellent.
1103 1537 1197 1583 Nec
1230 1552 1332 1584 vero
1355 1539 1480 1586 Plato

243 1616 386 1661 solum
415 1614 468 1659 de
494 1612 608 1659 Ideis
644 1611 915 1670 disputavit3
946 1614 1022 1658 sed
1051 1626 1143 1658 eam
1177 1614 1484 1671 Philosophiae

238 1692 476 1745 rationem,
507 1703 616 1746 quae
638 1690 881 1736 divinarum
914 1702 1053 1735 rerum
1084 1703 1300 1747 amorim,
1331 1693 1482 1739 huma-

238 1780 389 1813 narum
419 1777 686 1814 contemtum
728 1765 896 1822 adfert,
946 1767 1229 1826 Dialogorutn
1270 1769 1483 1814 suavitate

239 1844 584 1897 commendavit,
614 1854 658 1888 et
685 1843 991 1900 elegantiarum
1014 1845 1194 1890 floribus
1214 1846 1477 1903 conspersit.

235 1921 491 1967 Prodierunt
509 1934 612 1977 ergo
641 1934 692 1966 ex
722 1923 816 1978 ejus
847 1922 1006 1967 Schola
1043 1936 1132 1968 non
1153 1925 1295 1968 solum
1327 1924 1479 1969 Philo·

238 2001 397 2056 sophi,
438 1999 483 2045 in
529 2013 711 2054 quorum
751 2012 800 2044 se
834 2000 1106 2065 disciplinam
1141 2000 1478 2046 venustissimus

240 2081 428 2135 quisque
461 2080 762 2124 lubentissime
794 2081 938 2136 daret3
970 2081 1045 2125 sed
1074 2083 1163 2127 duo
1192 2083 1317 2128 etiam
1350 2082 1479 2129 nobi·

237 2158 394 2204 lissimi
412 2159 592 2214 juvenes
606 2188 623 2212 ‚
654 2157 731 2213 qui
751 2156 909 2213 patrias
932 2170 1035 2203 suas
1055 2172 1078 2204 a
1097 2169 1378 2215 tyrannorum
1398 2161 1479 2206 do·

235 2235 401 2280 minatu
438 2235 690 2289 liberarent,
733 2234 880 2281 Chion
921 2235 1239 2290 Heracleensis,
1279 2246 1322 2280 et
1360 2235 1480 2283 Dion

240 2314 556 2369 Syracusanus.
614 2313 676 2357 Et
709 2312 858 2357 Chion
890 2313 1092 2368 quidem,
1121 2325 1221 2358 cnm
1246 2312 1481 2359 occidisset

239 2389 399 2444 patriae
426 2390 680 2444 praedonem
703 2388 959 2432 clearchum
974 2418 992 2443 ‚
1022 2389 1118 2444 ipse
1143 2394 1322 2444 quoque
1344 2400 1480 2434 occu-

236 2463 362 2520 bttit,
403 2466 810 2522 generosissimique
853 2466 942 2511 odii
978 2477 1184 2512 conatum
1227 2479 1305 2512 sua
1339 2475 1479 2516 morte

1409 2556 1475 2590 ss·
