1624 3016
338 144 517 198 vr‘m
554 146 615 195 n.
655 143 1104 197 ammarum.
1258 159 1362 211 πε

114 284 210 325 mos
238 287 435 330 quosque
465 274 620 320 Poetas
647 274 857 330 legerent:
894 272 1050 317 horum
1069 274 1254 320 lectione
1267 278 1352 332 qui

116 364 301 399 nentem
335 353 388 397 ad
409 351 552 407 pulcri
586 351 778 405 rectique
798 362 972 394 sensum
1006 349 1262 408 formasset,
1287 355 1357 401 h.

115 431 254 484 deque
270 429 496 473 Musarum
526 438 569 472 et
597 426 720 471 fonte
754 428 941 483 repletus
972 439 1014 474 et
1047 430 1258 475 instinctu
1278 445 1352 477 ex·

111 507 271 551 citatus
307 497 362 551 ad
396 512 567 550 carmen
585 505 860 562 ‘pangendum
881 502 1091 562 ferretur,
1123 509 1162 552 si
1182 510 1356 565 quiden

114 583 153 627 ei
187 584 353 628 adesset
401 580 404 585 ’
1316 590 1321 610 ¹
1346 574 1355 584 '

214 726 440 777 Ingenium,
460 738 515 761 -ι
526 736 642 767 fimens
659 721 824 781 divinior
839 735 952 778 atque
968 735 1014 767 oo

210 801 355 851 Magna
371 808 610 848 sanaturum,

110 933 242 993 huius
285 935 493 995 impetum
541 934 711 992 regebat
754 935 954 994 radone,
988 935 1122 995 hujus
1157 918 1351 993 studium

111 1015 366 1075 praeceptis
375 1014 582 1072 iuvabat:
620 1012 695 1067 qui
717 1012 835 1058 illam
860 1025 979 1069 spem
1003 1026 1095 1059 non
1110 1013 1354 1070 adferrent,

108 1092 194 1142 hos
236 1094 467 1148 monebat,
507 1101 571 1136 uta
604 1091 715 1136 intra
748 1102 901 1147 prosae
929 1092 1137 1137 orationis
1168 1092 1272 1136 fines
1306 1103 1356 1137 ac

110 1172 399 1217 continerent.
457 1168 664 1214 Omnium
687 1180 789 1213 vero
810 1171 995 1217 maxime
1014 1182 1260 1227 perversum
1282 1181 1359 1214 eo-

103 1260 202 1296 tum
222 1248 491 1304 improbabat
513 1258 703 1301 morem,
729 1247 835 1301 qui,
849 1259 983 1303 quum
999 1247 1190 1292 nondum
1206 1246 1354 1292 sciunt

109 1325 216 1382 quid
258 1324 316 1370 sit
345 1323 580 1377 Latinum,
611 1334 688 1367 nec
725 1320 979 1371 Latinitatis
1012 1322 1348 1368 Grammaticam

106 1393 346 1459 rationem,
387 1414 463 1447 nec
505 1414 660 1460 prosae
690 1400 900 1447 orationis
934 1401 1214 1457 probabiliter
1243 1398 1352 1446 scri·

103 1482 266 1527 bendae
299 1481 573 1534 facultatem,
605 1487 778 1532 tenent,
818 1487 958 1523 tamen
991 1489 1034 1522 et
1067 1476 1154 1534 ipsi
1192 1487 1348 1522 versus

99 1557 297 1612 faciunt,
326 1567 369 1602 et
392 1556 656 1601 indoctiores
697 1554 826 1602 etiam
849 1554 959 1611 ipsis
984 1554 1228 1611 discipulos
1252 1565 1346 1599 ver·

105 1649 186 1685 aus
213 1635 353 1683 facere
378 1634 559 1693 jubent:
595 1633 717 1688 quod
739 1644 872 1689 aeque
892 1628 1120 1677 ridiculum
1144 1641 1266 1683 esse,
1295 1642 1346 1678 ιο

101 1714 141 1760 si
165 1716 189 1758 e
214 1713 416 1766 duobus,
440 1723 628 1767 quorum
648 1719 797 1755 neuter
815 1708 1000 1766 pedibus
1025 1709 1220 1754 incedere
1235 1721 1345 1766 pos·

91 1800 196 1846 set,
234 1791 340 1836 alter
371 1789 549 1834 alterum
583 1789 735 1833 saltare
778 1788 964 1845 juberet.
1024 1786 1248 1842 Omnino,
1288 1796 1340 1834 ut

98 1867 347 1913 emendandi
386 1867 640 1922 libidinem,
680 1866 741 1910 ita
772 1874 815 1910 et
846 1866 988 1918 hane,
1017 1865 1180 1908 ratione
1208 1864 1344 1918 corri-

101 1949 280 2004 gendam
308 1958 427 1992 esset
461 1946 592 2001 huius
621 1944 893 2000 corrigendae
923 1925 1251 1987 saluberrimum
1273 1954 1344 1987 ea·

98 2036 149 2072 ae
167 2024 397 2069 remedium
425 2022 652 2067 lectionem
685 2020 1015 2067 Horatianarum
1038 2020 1090 2063 de
1114 2021 1217 2065 Arte
1232 2020 1341 2066 Poe·

74 2103 185 2149 ‚tica
216 2101 509 2159 Epistularum
534 2112 548 2145 t
594 2099 675 2144 has
721 2099 924 2163 omnipus
947 2130 965 2152 ,
1006 2108 1048 2143 et
1076 2097 1340 2149 facientibus

73 2192 246 2237 ¹versus
277 2189 319 2224 et
351 2192 441 2224 non
462 2177 724 2223 facientibus
740 2206 758 2229 ‚
803 2176 1049 2220 ediscendas
1073 2163 1340 2220 commenda-

97 2258 203 2302 bat:
235 2256 306 2300 his
342 2256 417 2322 qui
447 2268 537 2300 non
569 2247 729 2299 melior
742 2251 890 2307 fieret,
919 2251 960 2295 ei
989 2252 1242 2308 Anticyram
1264 2252 1341 2296 ab·

70 2334 286 2393 ’eundum
321 2346 431 2380 esse.
490 2331 552 2377 Et
582 2332 703 2388 quod
739 2330 952 2376 Horatius
983 2330 1209 2376 verissime
1233 2340 1339 2387 pro·

69 2411 303 2466 mundat,
851 2418 855 2422 ·
1212 2423 1214 2425 ·

1222 2549 1338 2596 Scri-
