1624 3016
248 172 331 219 572
489 154 666 202 v1'rA
704 154 765 200 D.
806 153 1245 205 RUHNKENH.

250 280 296 324 in
339 286 557 323 numerato
601 276 785 331 habent,
828 288 1049 334 propteres
1081 281 1198 335 quod
1225 293 1369 326 eorum
1404 281 1471 325 di.

250 367 319 401 cta
357 364 399 399 et
447 354 573 399 verba
612 353 654 398 in
703 353 900 398 Patribus
938 364 1190 410 utramque,
1234 366 1282 399 ut
1318 358 1375 401 ita
1410 356 1475 400 di-

253 444 377 486 cam,
415 431 613 488 paginam
647 429 842 477 faciuntr
881 431 940 475 its
976 430 1130 476 Graeci
1174 432 1342 477 cisssici
1381 434 1475 479 Au-

253 523 395 556 ctores
427 511 541 567 apud
571 518 770 564 posteros
803 509 943 552 omnis
968 508 1156 553 liberalis
1185 508 1475 557 institutionis

254 586 430 632 fuerunt
464 586 632 631 initium
667 595 710 629 et
742 585 1092 639 fundamentum,
1122 597 1268 629 eorum
1294 584 1476 629 lectione

257 675 407 709 omues
435 663 607 718 ingenui
642 661 835 706 liberales
868 661 1065 706 homines
1100 663 1123 706 ὲ
1163 662 1350 715 teneris,
1378 671 1479 705 cun

253 742 400 795 domi,
429 751 519 784 tum
543 740 586 784 in
609 738 992 784 Grammaticorum
1021 750 1063 784 et
1085 740 1328 784 «Rhetorum
1354 738 1484 783 sebo·

254 820 312 865 lis
328 817 654 870 imbuebantur,
672 826 721 860 ut
741 817 951 861 dictiones
971 799 1182 872 verbaque
1205 817 1374 860 illorum
1389 816 1484 860 Au-

254 903 424 939 ctorum
462 904 537 947 per
570 902 736 935 omnem
767 893 910 935 omnis
943 892 1092 936 setstis
1125 902 1168 937 et
1202 893 1405 947 loquendi
1439 899 1484 936 et

258 969 470 1017 scribendi
501 962 855 1011 consuefudinem
891 968 973 1011 late
1004 978 1194 1024 paterent
1213 981 1262 1013 ac
1287 969 1481 1014 domins·

257 1055 404 1093 rentur
425 1054 468 1088 et
489 1055 540 1088 ex
573 1043 746 1087 illorum
787 1043 993 1099 scriptis,
1023 1054 1235 1097 tamquam
1258 1042 1488 1098 fontibus,

261 1123 427 1168 rivulos
448 1122 651 1166 ducerent
674 1107 822 1164 omnes
843 1121 1005 1175 posteri
1026 1119 1296 1176 Scriptores,
1325 1110 1492 1165 omio-

260 1211 444 1254 nemque
477 1199 572 1243 inde
597 1210 717 1243 suam
741 1197 864 1253 qussi
887 1197 1124 1253 irrigarent.
1183 1196 1233 1241 In
1259 1197 1390 1253 huius
1411 1207 1492 1240 su·

262 1277 478 1323 ctoritstis
498 1274 741 1319 societatem
765 1286 864 1319 cum
881 1287 1028 1318 omnes
1052 1283 1257 1318 venerunt
1283 1272 1485 1326 classici,

264 1355 340 1414 qui
369 1355 605 1406 dicuntur,
634 1351 878 1404 Auctores,
907 1360 998 1394 tum
1032 1350 1128 1406 ejus
1161 1348 1288 1402 quasi
1316 1359 1492 1402 posses-

264 1432 430 1478 siouem
467 1427 665 1475 nonnulli
690 1438 791 1482 prae
820 1427 996 1470 caeteris
1021 1425 1331 1478 obtinuerunt,
1360 1423 1496 1468 mui-

269 1522 335 1555 me
367 1509 568 1565 princeps
603 1506 793 1551 omnium
819 1505 1063 1559 Homerus,
1092 1506 1145 1550 ad
1166 1517 1293 1559 quem
1312 1517 1363 1550 ex
1388 1503 1499 1549 Poe-

262 1589 324 1632 tis
348 1585 541 1643 proxime
567 1584 774 1628 secedunt
805 1583 1056 1636 Hesiodus,
1098 1582 1359 1637 Euripides,
1394 1582 1493 1627 Me·

269 1664 453 1710 nander=
486 1661 675 1717 prosaici
702 1661 977 1715 Herodotus,
1018 1660 1325 1714 Thucydides,
1354 1660 1499 1704 Xeno-

266 1740 421 1797 phon,
463 1738 808 1791 Demosthenes,
839 1747 889 1782 et
924 1737 1103 1781 maxime
1139 1736 1360 1790 omnium,
1389 1746 1500 1781 nm·

211 1803 219 1808 ἢ
267 1830 395 1874 quam
433 1816 591 1871 aliquis
624 1816 735 1860 inter
769 1827 921 1870 prosae
957 1813 1199 1869 Scriptores
1245 1813 1462 1858 Homerus
1483 1842 1504 1869 ,

268 1905 400 1949 atque
417 1894 521 1941 adeo
546 1892 657 1936 inter
678 1883 971 1945 philosophos
998 1891 1151 1945 Deus,
1182 1890 1322 1936 Plato.
1371 1892 1503 1939 Hune

268 1970 437 2030 posteri
459 1981 611 2013 omnes
633 1978 675 2012 et
693 1967 849 2018 Graeci
871 1978 915 2011 et
937 1967 1114 2023 Latini,
1143 1981 1231 2013 nou
1261 1969 1390 2014 modo
1410 1969 1504 2013 Pia·

269 2049 435 2104 tonici,
459 2048 535 2092 sed
557 2046 710 2093 caeteri
731 2046 1020 2102 Philosophi,
1040 2045 1311 2101 Peripatetici
1330 2055 1374 2090 et
1388 2045 1506 2090 Stoi-

276 2129 348 2183 ci,
379 2140 458 2172 nec
480 2127 612 2170 modo
634 2124 925 2179 Philosophi,
955 2125 1031 2168 sed
1053 2123 1127 2167 aiii
1150 2135 1299 2190 omnes
1320 2123 1438 2167 omni
1459 2122 1508 2168 in

282 2217 431 2263 genere
455 2202 727 2258 Scriptores,
758 2199 999 2254 Rhetores,
1030 2199 1259 2254 Oratores,
1288 2210 1331 2244 et
1354 2198 1511 2243 Eccle-

278 2286 366 2328 siae
397 2281 502 2326 adeo
536 2278 718 2323 Patres
705 2281 770 2334 li,
805 2278 967 2333 quibus
1001 2277 1175 2331 quidem
1200 2278 1378 2332 aliquod
1396 2285 1512 2321 esset

279 2373 378 2405 cum
410 2357 672 2402 humanitate
693 2357 1022 2404 commercium.
1053 2355 1169 2398 hunc
1205 2355 1341 2411 igitur
1361 2364 1509 2397 omnes

273 2435 472 2490 posteri,
503 2442 551 2476 ut
585 2433 772 2488 quisque
804 2432 911 2477 bene
943 2431 1156 2475 scribendi
1187 2429 1364 2474 muime
1393 2436 1506 2470 esset

275 2508 511 2561 ‘studiosus
524 2540 542 2566 ,
570 2511 632 2557 ita
668 2509 853 2565 maxime
882 2520 926 2559 et
961 2509 1210 2556 lectitatum
1235 2515 1285 2551 et.
1307 2497 1511 2552 imitando

1434 2591 1511 2633 ex·
