1624 3016
337 223 428 284 {¹⁸
583 217 923 268 PRAEFATIO
946 232 1010 268 ιι
1036 213 1340 268 eumont·

347 345 569 405 principes
603 355 696 390 tum
736 343 1020 401 plurimorum
1055 354 1143 390 usn
1173 344 1459 402 frequentati,
1487 331 1589 389 nu·

347 435 522 478 merus,
557 421 818 477 Euripides,
854 418 1132 478 Xenophon,
1163 421 1353 469 almum
1384 421 1583 479 perditos

345 512 584 556 eorumque
607 500 862 555 reliquias,
902 510 978 543 aut
1020 497 1342 554 philosophos,
1379 500 1581 556 quamvis

343 577 563 634 principes
578 606 596 631 ,
623 575 841 620 Platonem
859 604 876 629 ‚
904 574 1177 619 Aristotelem
1193 605 1210 628 ,
1235 583 1451 631 caeteros,
1468 588 1582 631 quo·

346 666 440 699 rum
466 654 695 713 maximum
720 661 784 697 est
811 653 865 696 ad
891 651 1109 696 Plutarchi
1137 651 1459 706 intelligentiam
1486 662 1583 696 mo-

345 739 567 783 mentum,
597 740 685 773 non
711 727 869 783 legisse
905 728 1075 772 videtur
1109 740 1140 772 n
1157 741 1183 772 c
1200 738 1441 782 rsxrus,
1470 737 1587 773 certo

346 804 508 849 nullam
534 815 585 848 ex
616 803 670 847 iis
691 803 928 847 Plutarcho
952 815 1079 859 opem
1107 804 1272 848 attulit.
1330 803 1449 849 Tota
1481 803 1585 848 linet

348 881 787 929 Animadversionum
824 891 925 936 pars
954 881 1091 925 valere
1110 890 1277 936 poterat
1309 882 1361 925 ad
1390 881 1588 926 minuen-

345 958 448 1003 dum
485 957 673 1003 laborem
701 955 855 1000 futuro
886 956 1040 1000 editori
1061 954 1101 1001 ei
1139 957 1216 1014 qui
1254 957 1404 1002 subito
1433 957 1591 1002 existe-

341 1044 407 1079 ret
435 1047 483 1077 ac
509 1032 730 1090 negotium
765 1032 1002 1088 imparatus
1035 1034 1257 1090 suscipere
1273 1035 1472 1090 auderet,
1495 1046 1589 1080 non

341 1113 381 1157 ei
407 1110 482 1166 qui
516 1123 601 1154 rem
633 1121 734 1155 cum
766 1121 975 1167 apparatu
1007 1123 1057 1155 ae
1081 1110 1300 1167 diligentia
1323 1119 1478 1167 ageret.

401 1187 544 1245 Igitur
572 1186 625 1231 ad
657 1195 832 1232 nostrae
863 1184 1089 1231 Editionis
1122 1198 1251 1231 usum
1300 1186 1473 1243 reliqua
1498 1190 1592 1231 erat

343 1278 436 1311 non
471 1264 558 1308 nisi
583 1265 714 1307 altera
748 1261 971 1330 semissis,
1011 1262 1058 1306 id
1095 1274 1191 1318 est,
1230 1261 1593 1308 Emendationes.

345 1341 407 1388 Et
438 1342 585 1384 barum
614 1340 798 1396 primum
821 1338 993 1395 quidem
1014 1351 1165 1396 magna
1190 1351 1289 1396 pars
1313 1349 1379 1383 est
1403 1351 1515 1385 vans
1532 1352 1584 1384 ac

345 1427 693 1473 supervacanee,
722 1416 889 1472 qnippe
921 1416 1084 1470 quibus
1113 1416 1197 1459 loci
1229 1415 1322 1460 sani
1349 1422 1395 1459 et
1430 1413 1591 1472 integri

346 1502 597 1539 tentanturt
627 1491 778 1537 deinde
801 1503 943 1537 earum
966 1491 1068 1536 item
1094 1503 1205 1546 qnae
1229 1491 1275 1535 in
1306 1490 1419 1535 locis
1438 1503 1595 1550 eorru-

345 1571 441 1627 ptis
461 1578 716 1631 versantur,
740 1567 876 1625 maior
897 1574 1011 1612 certe
1032 1577 1134 1624 pars
1159 1565 1269 1611 falsa
1289 1576 1380 1611 ests
1401 1566 1447 1612 in
1468 1577 1597 1613 nuo·

346 1660 435 1703 que
457 1648 800 1704 conjecturarum
822 1655 1003 1701 genere,
1032 1642 1187 1687 erroris
1214 1641 1319 1689 fons
1342 1653 1430 1687 erat
1457 1642 1588 1700 igno·

346 1723 463 1767 ratio
484 1721 816 1766 consuetudinis
839 1730 884 1766 et
904 1719 1114 1765 orationis
1145 1718 1439 1766 Plutarcheae.
1487 1719 1586 1781 ‚Su-

344 1806 494 1855 perest
515 1797 805 1853 probabilium
836 1785 1042 1842 numerus
1063 1795 1411 1842 emendationum
1426 1827 1445 1852 ,
1475 1797 1588 1856 qui,

344 1883 401 1918 nt
424 1873 659 1930 plurimum
684 1873 724 1916 ei
748 1872 931 1918 tribuam
946 1904 962 1927 ,
992 1874 1046 1918 ad
1082 1882 1219 1918 totam
1244 1873 1593 1919 Animadversio-

345 1961 453 1994 num
487 1961 725 2004 summam,
754 1962 801 1993 ea
835 1949 999 1994 ratione
1020 1950 1263 1995 censendus
1283 1950 1479 1996 videatur
1501 1962 1591 2006 qua
1621 1966 1624 1971 ·

344 2034 453 2069 sunt
485 2025 668 2069 sedecim
701 2026 755 2069 ad
792 2036 983 2070 centum.
1052 2025 1219 2071 Harum
1255 2026 1356 2071 item
1390 2026 1619 2072 semissis*

344 2102 433 2159 jam
462 2115 487 2146 a
510 2099 734 2157 prioribus
759 2100 874 2146 facta
894 2112 984 2147 erat
1006 2101 1315 2159 interpretibus
1346 2113 1391 2149 et
1417 2103 1596 2148 editori-
1614 2112 1624 2118 ··

346 2178 459 2224 bus:
486 2178 563 2223 has
594 2189 930 2234 nnsnus,
959 2191 1049 2224 non
1071 2179 1242 2236 quidem
1264 2181 1442 2237 plagio,
1466 2179 1590 2236 quod

341 2254 395 2300 in
427 2255 546 2300 hunc
577 2255 796 2301 hominem
831 2267 922 2300 non
955 2244 1159 2312 cadebaf,
1201 2258 1279 2302 sed
1312 2257 1445 2302 modo
1481 2268 1588 2312 pm·
1622 2255 1624 2258 ⁴

345 2331 479 2387 dens,
517 2333 648 2377 modo
680 2331 958 2388 imprudens,
989 2334 1191 2390 repetiitz
1222 2336 1383 2379 multas
1412 2333 1538 2378 etiam
1561 2345 1590 2379 e
1622 2336 1624 2338 ’

353 2418 601 2454 xYan)
617 2421 652 2453 ι
667 2419 686 2453 1
722 2407 880 2453 Latina
906 2410 1106 2454 versione
1131 2411 1344 2467 suscepit.

406 2485 528 2542 Ergo
561 2486 755 2531 residuae
785 2494 913 2530 sunt
933 2485 1133 2542 propriae
1175 2495 1426 2532 austu
1461 2495 1624 2531 octos
1622 2507 1624 2509 ·

342 2571 428 2616 me
463 2563 782 2611 emendationes
820 2562 1067 2622 probabiles
1098 2576 1124 2608 e
1154 2563 1344 2609 centenis
1381 2562 1624 2608 Animacb

1492 2649 1589 2685 ver-
