1624 3016
480 311 1364 378 PRAEFATIO

565 531 636 564 Ex
694 527 982 562 EDITIONB
1043 527 1276 560 Lunum

503 703 1438 774 ΡιυΤΑΒοΗΕῐ,

341 895 433 950 DE
492 903 679 949 SERA
738 901 1064 948 NUMINIS
1124 900 1502 952 VINDICTA.

655 1115 1178 1139 -—-..---

294 1255 588 1369 Magnum
616 1313 698 1360 fuit
718 1314 935 1370 ingenium
955 1313 1209 1367 Plutarchi,
1222 1324 1374 1371 magna
1392 1314 1530 1359 disse·

292 1390 414 1434 rendi
438 1392 656 1438 subtilitas
681 1402 724 1437 et
749 1392 978 1451 elegantia,
997 1393 1237 1437 divinarum
1264 1405 1364 1436 vero
1384 1392 1534 1437 huma·

291 1479 531 1523 uarumque
567 1482 704 1512 rerum
743 1467 957 1523 scientia,
990 1477 1032 1512 et
1067 1468 1208 1513 omnis
1243 1467 1428 1512 liberalia
1453 1467 1532 1513 do-

290 1543 451 1589 ctrinae
481 1545 549 1588 vis
581 1545 786 1601 quaedam
817 1544 1081 1592 incredibilis
1107 1558 1156 1590 ac
1183 1557 1320 1602 prope
1343 1543 1529 1591 infinita.

286 1621 412 1681 Quae
445 1622 559 1669 bona
591 1622 672 1668 etsi
706 1636 784 1680 per
813 1637 860 1670 se
889 1632 1007 1668 tanta
1035 1633 1170 1676 sunt,
1213 1631 1262 1665 ut
1291 1621 1530 1666 accessioni

286 1699 438 1747 nullus
466 1699 643 1744 relictus
671 1700 867 1744 videatur
899 1701 1050 1755 locus;
1083 1710 1266 1755 magnus
1299 1708 1442 1744 tamen
1470 1698 1527 1742 iia

286 1775 470 1821 accessit
503 1775 643 1820 laudis
676 1777 878 1821 cumulus
895 1808 911 1831 ,
943 1776 1062 1835 quod
1093 1787 1184 1820 non
1208 1776 1254 1820 in
1279 1788 1346 1821 rea
1369 1776 1533 1821 obscu-

286 1864 356 1899 ras
381 1863 458 1896 aut
492 1854 545 1898 ad
579 1854 833 1909 captandam
870 1856 1123 1911 popularem
1157 1865 1330 1908 auram,
1372 1855 1446 1898 sed
1481 1853 1528 1900 in

282 1943 371 1978 rem
401 1943 526 1975 unam
569 1931 761 1977 omnium
807 1931 1135 1988 gravissimam,
1177 1930 1220 1975 in
1255 1943 1529 1976 communem

279 2009 458 2054 humani
482 2010 648 2065 generis
674 2009 900 2053 utilitatem
922 2019 1148 2064 expromta
1174 2007 1368 2053 fuerunt.
1422 2009 1530 2053 Ete-

279 2087 371 2133 nim
397 2087 562 2142 ubique
602 2086 649 2131 id
682 2086 770 2142 egit
804 2085 1091 2140 Plutarchus,
1121 2094 1172 2128 ut
1202 2084 1309 2140 quid
1329 2084 1437 2129 utile
1458 2088 1528 2130 vei

278 2177 436 2218 secus,
450 2163 559 2219 quid
586 2160 842 2222 fugiendum
864 2163 935 2207 vel
958 2162 1223 2217 sequendum
1247 2162 1449 2217 doceret;
1473 2172 1527 2208 ut

279 2242 333 2284 de
354 2241 517 2286 ratione
542 2241 692 2296 vitae,
719 2242 771 2284 de
795 2241 943 2285 studio
967 2240 1209 2293 virtutum,
1233 2241 1286 2285 de
1307 2241 1527 2287 moderan-

276 2318 330 2362 da
361 2317 579 2372 republica
602 2304 1075 2371 dissereret;*denique
1111 2325 1162 2360 ut
1195 2315 1520 2371 Philosophiam

276 2396 607 2444 commendaret,
632 2409 722 2440 non
778 2408 901 2448 eam,
955 2407 1064 2449 quae
1105 2406 1244 2438 rerum
1285 2395 1526 2439 obscurita-

275 2479 346 2529 te,
379 2471 603 2534 gravitatis
626 2483 670 2516 et
701 2472 1036 2518 distinctionum
1057 2471 1283 2526 acumine,
1307 2471 1523 2516 subtilita-
1596 2479 1600 2485 ·

1460 2558 1525 2598 m
