1624 3016
180 213 184 217 ,
248 151 427 203 νιΤΑ
477 151 536 198 u.
586 128 1037 202 RUHNKENH.
1173 166 1254 212 521

31 284 99 333 vel
121 281 214 325 sine
231 286 385 324 nostro
411 276 664 329 praeconio,
696 286 772 329 per
789 275 1161 321 innumerabilium
1186 280 1261 324 de.

28 369 203 402 cursum
235 364 475 410 annorum,
506 353 648 406 quoad
687 351 858 405 quidem
898 352 1006 395 suus
1036 353 1199 399 Literis
1218 363 1264 399 et

30 430 283 477 humanitati
318 429 535 474 constabit
568 428 727 472 honos.
789 427 873 471 Sed
906 429 1065 484 hujus,
1109 444 1261 484 quam.

29 511 99 556 vie
132 508 390 562 diuturnae,
434 505 574 551 laudis
605 516 704 548 cum
741 504 795 548 ad
836 516 999 558 paucos
1030 508 1264 561 pertinebit
1334 536 1337 538 v

26 591 211 644 notitia,
242 603 316 635 eos
343 587 432 633 fere
464 587 536 641 qui
559 585 720 638 scripta
740 584 821 628 viri
842 585 1047 639 legerint,
1082 596 1173 630 tum
1201 600 1257 633 ne

25 666 182 712 horum
221 666 391 722 quidem
420 663 589 708 animos
621 660 827 715 explebit.
899 659 1012 704 Nam
1054 672 1100 705 ut
1132 661 1261 707 Vete-

27 757 154 799 rum,
187 754 370 799 quorum
407 740 542 786 libros
577 749 674 781 cum
714 735 860 782 fructu
884 747 926 780 et
952 737 1177 792 voluptate
1201 740 1258 783 le-

30 823 203 878 gimus,
230 819 346 874 ipsas
380 817 504 861 etiam
530 826 594 861 res
619 813 820 869 vitasque
842 825 1104 869 cognoscere
1134 814 1264 870 cupi-

29 906 400 949 mua‚earumque
422 892 462 938 ai
485 891 596 936 nihil
618 902 693 935 aut
718 901 866 946 parum
887 890 941 935 ad
957 900 1150 954 ⁴nostram
1175 903 1263 936 me·

25 972 204 1015 moriam
238 969 458 1027 pervenit,
487 968 666 1013 moleste
699 966 903 1013 ferimus:
935 966 995 1012 ita
1023 978 1063 1011 et
1096 967 1262 1023 posteri

27 1049 291 1104 quicumque
313 1056 466 1100 erunt,
494 1056 534 1089 et
559 1054 731 1090 nostrae
758 1044 906 1089 aetatis
930 1045 1125 1100 aequale·
1148 1048 1262 1091 mul.

26 1128 95 1182 ti,
134 1128 210 1182 qui
247 1125 498 1169 Ruhnkenii
535 1124 601 1167 vel
638 1135 795 1167 nomen
829 1124 883 1168 ab
918 1123 1019 1170 aliis
1058 1124 1264 1172 celebrari

26 1204 296 1255 audiverint,
330 1202 396 1244 vel
430 1200 671 1245 doctrinam
700 1199 893 1256 legendis
917 1202 1096 1257 scripti·
1120 1216 1267 1259 perce-

22 1280 193 1341 perint,
236 1279 410 1323 uberius
455 1278 654 1333 quiddam
701 1287 743 1322 et
786 1280 967 1324 interius
1013 1282 1264 1338 requirent,

25 1358 140 1402 unde
182 1368 273 1400 non
319 1356 448 1399 modo
483 1355 770 1411 scriptorem,
820 1357 893 1399 sed
934 1357 1177 1413 hominem,
1219 1359 1264 1405 id

26 1444 124 1489 est,
166 1433 308 1489 ipsius
345 1445 445 1486 res,
486 1433 626 1486 facta,
657 1445 828 1486 mores,
858 1434 1078 1490 animum,
1108 1437 1264 1481 vitam·

27 1524 140 1567 que,
180 1518 466 1566 cognoscant.
538 1510 676 1564 Igitur
717 1522 807 1565 quo
852 1513 1050 1568 majorem
1093 1513 1264 1561 Literae

24 1600 124 1633 eum
159 1587 348 1641 ubique,
391 1596 482 1630 tum
515 1587 760 1642 praesertim
798 1587 841 1632 in
873 1599 1021 1634 noem
1053 1589 1260 1648 Batavia,

25 1664 136 1710 tanti
168 1663 251 1708 viri
278 1663 402 1707 obitu
432 1665 636 1719 jacturam
662 1664 888 1719 fecerunt,
921 1679 1011 1722 quo
1045 1668 1174 1713 latius
1197 1670 1264 1716 fa-

25 1754 95 1787 ma
115 1742 208 1799 ejus
237 1752 314 1796 per
340 1741 552 1787 eruditum
577 1751 780 1786 terrarum
806 1743 952 1789 orbem
979 1747 1145 1802 patuit,
1168 1730 1261 1804 quo

27 1827 133 1865 sunt
172 1818 318 1874 plures
349 1818 402 1863 ad
434 1831 549 1874 quoa
583 1831 636 1864 cx
663 1820 759 1877 eiua
789 1831 928 1866 morte
961 1826 1152 1879 pervenit
1183 1828 1265 1872 do·

21 1898 120 1952 lot-'3
151 1909 203 1940 eo
241 1896 376 1951 magi·
413 1907 481 1940 eat
510 1906 553 1941 et
588 1897 866 1942 humanitatis
901 1911 999 1955 erga
1030 1902 1192 1958 vivos,
1220 1915 1265 1950 et

23 1973 195 2032 pietatis
219 1984 315 2028 erga
351 1982 601 2026 mortuum,
632 1975 825 2019 absentis
852 1976 1077 2031 imaginem
1100 1991 1269 2035 reprae-

25 2065 220 2108 sentare,
261 2053 485 2108 vitamque
518 2054 685 2109 scripto
726 2055 952 2110 mandare3
995 2066 1042 2099 ut
1078 2058 1265 2106 habeant

24 2140 124 2177 cum
156 2130 345 2173 universi
372 2130 440 2172 vel
475 2129 740 2185 cognitionis
768 2131 1161 2187 oblectamentum,
1187 2138 1257 2183 vel

27 2206 222 2253 desiderii
244 2206 516 2253 lenimentum
530 2234 546 2257 ,
560 2215 650 2251 tum
671 2220 773 2252 vero
788 2209 982 2264 iuniores
1001 2213 1260 2270 exemplum,

25 2285 72 2330 in
107 2283 226 2337 quod
261 2282 474 2326 intuentes
508 2292 549 2325 et
571 2284 812 2328 excitentur
832 2284 886 2328 ad
907 2285 1097 2342 ejusdem
1120 2289 1262 2337 laudis

25 2361 218 2410 studium
235 2389 252 2412 ,
282 2368 326 2403 et
351 2359 486 2402 studii
515 2361 596 2403 iter
615 2361 843 2413 prudenter
865 2361 1065 2418 dirigant.

80 2436 295 2499 Equidem
326 2449 428 2483 eum
463 2448 629 2494 semper
666 2440 724 2480 ita
742 2438 968 2498 iudicavi,
998 2450 1091 2488 tum
1118 2455 1260 2503 nuper·
