1624 3016
320 191 528 253 ‚v1⁵1'·A
566 204 624 251 n.
669 198 1112 255 RUHNKENn.
1256 217 1343 267 sta

131 339 440 387 expresserunt.
491 329 624 373 Porro
647 328 690 372 in
711 328 972 374 Ruhnkenio
992 330 1251 377 admirabilis
1269 341 1358 377 etat

127 407 326 463 q'uaedam
349 406 400 449 ad
422 418 587 450 omnem
625 406 987 459 interpretationis
1011 409 1213 452 virtutem
1238 410 1374 454 indo·

123 488 214 542 les3
246 498 334 530 non
360 487 499 530 solum
535 495 585 529 ut
609 484 748 538 copiis
771 485 823 527 ad
857 484 1226 540 confirmandum,
1257 489 1363 532 sub-

122 562 280 607 tilitate
318 563 370 607 ad
401 562 709 620 iudicandum,
739 559 912 615 ingenio
937 562 990 605 ad
1019 561 1318 608 inveniendum
1337 595 1356 621 ‚

121 640 305 685 valeret.
336 641 415 685 sed
453 638 577 683 etiam
616 647 667 681 ut
698 638 927 682 collectum
967 638 1036 682 his
1076 638 1356 685 facultatibus

121 719 371 770 apparatum
415 720 515 758 eum
550 711 882 769 perspicuitate,
911 713 1090 769 ordine,
1120 728 1170 759 ae
1189 717 1358 761 delectu

120 793 378 849 explicaret,
412 799 454 835 et
476 788 635 844 insigni
662 801 840 844 prorsus
861 802 903 835 et
924 791 975 835 ad
1000 804 1083 836 rem
1110 804 1356 838 accommo-

119 872 215 916 data
237 871 442 915 orationis
466 867 670 923 elegantia
683 882 730 915 ac
748 879 970 916 venustate
993 883 1159 917 ornaret
1182 884 1225 918 et
1248 886 1357 930 qua-

119 947 158 991 si
172 945 426 991 laetificaret.
457 944 632 1004 Quibus
655 946 699 989 in
722 943 898 990 dotibus
917 947 1101 1003 singulis
1123 960 1259 1004 quum
1283 961 1359 995 ex-

121 1023 269 1067 cellere
301 1033 500 1078 magnum
544 1022 631 1076 sit;
663 1022 739 1076 qui
768 1021 814 1066 in
849 1022 1065 1067 universis
1101 1020 1354 1079 excelleret,

119 1112 161 1146 et
185 1100 477 1146 eum‘criticia‘
495 1099 652 1157 ingenii
679 1100 986 1155 doctrinaeque
1006 1102 1151 1156 copiis
1175 1115 1222 1146 ac
1244 1102 1356 1147 divi·

119 1177 194 1227 tiis
228 1180 389 1234 tantis,
414 1176 588 1223 *tantam
623 1175 804 1222 Latinae
839 1179 1048 1223 orationis
1081 1179 1304 1225 scientiam
1333 1212 1352 1235 ,

37 1310 41 1314 .
117 1257 389 1308 facultatem,
418 1255 690 1309 castitatem,
726 1264 767 1299 et
804 1255 989 1299 nativam
1023 1256 1155 1301 veluti
1178 1258 1355 1313 gratiam

116 1335 427 1392 conjungeret,
456 1334 691 1378 recentiore
725 1342 889 1385 aetate,
923 1332 1042 1386 quod
1073 1333 1243 1387 quidem
1267 1335 1355 1378 sei-

114 1426 213 1467 am,
245 1422 371 1455 nemo
398 1410 577 1455 exstitit.
637 1410 706 1454 Ad
741 1409 820 1453 has
849 1410 1023 1453 editoris
1057 1409 1181 1454 dotes
1216 1422 1352 1464 quum

116 1487 329 1532 accederet
347 1485 558 1531 Platonici
579 1485 819 1542 argumenti
843 1485 1059 1540 suavitas,
1089 1487 1253 1543 prodiit
1273 1488 1353 1532 Ti-

117 1573 262 1608 maeus
287 1563 346 1607 ita
379 1572 556 1607 ornatus
590 1575 640 1607 ac
675 1563 880 1616 dotatus,
910 1574 993 1618 ut,
1027 1563 1223 1617 quamvls
1256 1577 1353 1619 par-

116 1645 200 1683 vus
239 1639 492 1693 volumine,
524 1650 665 1684 tamen
699 1641 918 1685 doetrinae
956 1652 1055 1685 cum
1087 1641 1275 1697 pondere
1311 1648 1355 1684 et

115 1719 400 1774 praestanda,
430 1728 522 1763 tum
547 1718 687 1764 nitore
720 1709 769 1764 a'c
795 1720 987 1775 lumine,
1017 1731 1113 1765 vere
1133 1732 1287 1764 aureus
1310 1726 1354 1764 et

114 1787 224 1840 esset
244 1807 286 1841 et
307 1797 549 1842 haberetur.
610 1798 675 1842 Ac
701 1797 917 1853 principio
939 1797 1137 1852 quidem,
1158 1797 1203 1841 in
1230 1808 1353 1851 prae-

114 1872 278 1917 fatione
319 1874 606 1920 Ruhnkenius
643 1886 810 1919 omnem
842 1876 1081 1930 argumenti
1118 1886 1349 1926 caussam,

111 1949 356 1996 Platonicae
387 1936 596 1996 orationis
624 1953 712 1994 vim
738 1962 780 1995 et
805 1952 1130 2004 auctoritatem,
1162 1961 1350 1995 veterum

114 2026 206 2083 eJ'us
241 2026 517 2080 interpretum
553 2036 594 2069 et
626 2025 1018 2070 Grammaticorum
1058 2039 1184 2070 usum
1222 2026 1355 2070 ratio·

113 2112 297 2158 nemque
316 2104 376 2147 ita
400 2102 639 2160 patefecit,
669 2113 719 2148 ut
739 2105 928 2158 legentes
954 2112 1168 2159 tamquam
1194 2115 1269 2158 per
1282 2103 1351 2147 lu·

113 2177 259 2223 cidum
281 2179 436 2223 atrium
460 2180 505 2224 in
526 2177 903 2236 religiosissimum
925 2181 1132 2235 templum
1159 2180 1355 2223 introdu-

115 2266 212 2300 cere
242 2255 472 2301 videretur.
532 2257 726 2310 Deinde,
759 2257 803 2300 in
829 2257 930 2312 ipso
953 2258 1067 2302 libro
1101 2268 1211 2312 quot
1247 2266 1351 2302 sunt

114 2332 531 2389 animadversiones,
574 2344 642 2379 tot
677 2345 781 2378 sunt
807 2335 1130 2390 disputationes
1160 2334 1253 2379 suis
1271 2347 1355 2379 nu-

113 2409 246 2453 meris
268 2410 518 2464 absolutae,
549 2411 715 2454 ratione
739 2423 786 2454 ac
811 2411 880 2455 via
901 2411 954 2454 ab
975 2410 1130 2455 idoneo
1149 2410 1278 2454 initio
1299 2411 1354 2454 ad

114 2486 315 2530 idoneum
341 2488 503 2532 exitum
541 2489 761 2532 deductae.
823 2489 937 2534 Nam
971 2489 1153 2544 primum
1182 2490 1354 2544 glossae

105 2563 332 2620 cujusque
363 2565 580 2622 scriptura
613 2565 897 2610 constituitur
929 2576 1142 2611 consensu
1167 2565 1349 2608 aliorum

1199 2643 1354 2687 Gram-
