1624 3016
304 132 395 181 DE
452 126 689 176 OBITU
746 124 1192 172 SCHRADERL
1282 125 1366 180 183

132 264 300 312 aetate,
327 253 584 302 laudandum
615 251 801 296 Musaeo
835 248 1279 295 animadversionibus
1308 245 1363 289 il-

138 334 377 381 lustrando.
444 322 578 376 Porro
597 361 615 383 ,
655 338 706 373 ut
741 337 828 372 erat
862 325 1079 372 interioris
1118 319 1369 369 Latinitatis

141 409 487 461 scientissimus,
531 407 591 450 ita
626 405 841 450 Carminis
870 405 919 447 ea
951 402 1117 447 valebat
1165 399 1371 444 facultate

144 489 233 542 qua
263 487 391 543 pauci
427 484 738 536 recentiorum,
777 493 876 524 cum
912 490 1027 523 terso
1062 476 1271 521 dictionis
1302 486 1379 531 ge-

127 575 268 618 mere,
307 574 396 607 tum
429 562 653 606 modorum
681 556 996 603 observatione.
1045 554 1142 611 Jam
1176 553 1262 596 sibi
1292 564 1375 612 ‘ex-

141 641 390 696 poliendum
416 646 624 684 aumaerat
650 645 883 688 utrumque
909 643 1082 679 carmen
1102 629 1377 687 Geographi-

143 728 244 760 cum
282 714 469 765 Avieniz
498 722 543 758 et
578 724 634 757 eo
655 709 745 755 fere
767 710 947 762 deducta
967 718 1057 753 erat
1087 720 1184 761 res,
1215 717 1263 751 ut
1295 706 1379 751 ini.

145 794 254 839 tium
277 797 429 849 operae
449 790 636 836 facerent
652 786 998 845 Chalcognphi3
1030 800 1162 842 quum
1187 787 1376 832 nunciua

145 870 275 916 nobia
296 869 487 914 adfertur
503 868 555 912 de
580 852 679 912 Viri*
705 875 871 911 morte:
902 877 1011 921 quae
1037 877 1129 910 non
1159 865 1331 920 quidem
1354 876 1381 909 e

143 946 288 992 morbi
330 946 521 1001 impetu,
563 944 639 991 aed
675 936 832 989 virium
872 943 1109 1000 languore,
1150 940 1379 998 profecta,

143 1036 241 1069 eum
265 1021 428 1072 nostris
438 1014 621 1067 Litteris
645 1019 803 1076 eripuit
825 1019 894 1065 die
915 1028 1039 1064 sexto
1059 1018 1272 1076 vigeaimo
1284 1016 1380 1063 No-

141 1096 362 1152 vembris,
394 1098 587 1142 nondum
610 1097 782 1151 expleto
806 1094 961 1141 aetatia
983 1107 1096 1141 anno
1119 1095 1311 1141 secundo
1335 1105 1380 1140 et

144 1167 455 1231 sexagesimo(
500 1173 585 1220 Sed
619 1173 819 1218 laudibus
854 1171 1078 1219 Schrader-i
1109 1173 1283 1230 publice
1309 1185 1382 1218 ce·

143 1252 384 1306 lebrandis,
412 1245 503 1297 non
527 1249 756 1296 defuturos
782 1262 1004 1308 speramua
1025 1250 1208 1295 diser-toa
1233 1249 1379 1294 viros.

145 1329 244 1377 Nos
269 1328 539 1373 committere
563 1327 817 1382 noluimua,
847 1328 956 1383 quin
981 1327 1128 1373 libello
1147 1327 1230 1383 iam
1254 1328 1308 1371 ad
1328 1325 1381 1372 fi-

145 1415 242 1450 nem
287 1403 494 1458 perducto
541 1402 652 1447 hanc
690 1403 949 1448 mentionem
993 1402 1297 1462 adjiceremus,
1335 1412 1379 1449 et

141 1479 311 1524 tristem
340 1479 548 1525 nuncium
570 1491 671 1523 eum
701 1481 865 1527 erudita
888 1479 1064 1527 civitate
1086 1480 1376 1527 communica·

138 1569 306 1614 πωπω.
361 1557 448 1604 Λο.
477 1555 899 1606 MDCCLXXXHI.
