1624 3016
297 146 550 198 ARTnJM
577 143 967 192 PROCREATR.
1000 139 1244 188 ETPAR.
1308 153 1387 197 149

165 276 320 333 phiae,
359 284 469 331 quae
504 271 600 317 sola
631 282 770 316 veram
802 267 971 312 dicendi
1002 267 1089 311 vim
1122 274 1316 321 procreat
1348 273 1392 311 et

166 354 260 399 alit.
319 352 430 397 Nam
456 349 633 395 fuerunt
656 360 800 393 eorum
831 345 1040 390 aetatibus
1066 345 1218 403 multi,
1250 354 1292 389 et
1324 344 1393 388 in·

169 429 452 475 numerabiles
485 427 686 483 quidem,
727 424 1050 478 animantes,
1095 424 1203 478 qui,
1243 435 1393 480 quam·

166 520 294 562 quam
316 506 464 550 studio
489 514 530 549 et
555 515 644 547 arte
665 486 1048 555 valerentj'tamen
1080 500 1125 544 in
1153 501 1270 543 illius
1294 502 1390 544 lau·

162 585 228 628 dis
264 585 507 628 societatem
546 579 686 624 venire
717 589 807 623 non
837 584 1036 632 possent.
1107 575 1278 631 Magna.
1306 577 1393 620 fuit

161 674 260 715 ars,
305 668 503 715 magnum
535 655 784 712 ingenium,
823 653 868 698 in
903 654 1121 699 Aeschine
1161 668 1210 699 ac
1247 655 1396 712 Sulpi.

164 740 261 786 cioz
305 735 490 781 habebat
508 747 534 778 a
557 742 707 778 natura
730 742 909 788 uterque
934 745 1079 776 vocem
1116 745 1313 778 sonoram
1350 742 1396 776 et

160 815 457 873 splendidam,
486 812 700 856 actionem
727 823 902 867 quoque
933 811 1157 855 oratorIam
1174 844 1190 867 ,
1222 812 1396 867 gestum

161 906 204 941 et
234 903 405 947 motum*
434 891 572 938 totius
595 891 820 948 corporis,
852 891 992 948 qualia
1019 892 1066 937 in
1098 894 1266 939 nemine
1298 908 1394 940 um-

162 986 287 1032 quam
324 971 463 1016 fuerat
498 982 731 1016 oratorum.
792 969 878 1015 Sed
909 970 982 1016 ma
1007 968 1313 1030 Philosophiae
1334 975 1391 1021 iia

163 1051 303 1095 deerat
324 1041 423 1103 vis,'
454 1060 563 1103 quae
592 1060 730 1092 rerum
755 1047 996 1093 divinarum
1021 1049 1394 1111 humanarumque

154 1125 411 1184 cognitione
437 1124 621 1171 animum
653 1125 706 1169 ad
734 1138 872 1170 veram
903 1127 1172 1175 altitudinem
1201 1133 1388 1182 extollit.

212 1200 327 1249 Cum'
352 1191 614 1258 Eloquentia
635 1215 826 1258 magnam
841 1234 858 1257 ,
880 1203 946 1247 vel
959 1199 1111 1261 potius
1133 1210 1387 1267 maximam,

155 1271 504 1341 coniunctionem
541 1282 667 1326 habet
710 1281 932 1329 Historia:
969 1284 1096 1343 cuius
1138 1287 1388 1338 scribendae

153 1377 251 1410 cum
275 1362 382 1425 aliae
410 1371 512 1406 sunt
535 1362 676 1417 leges,
707 1371 799 1406 tum
836 1373 920 1406 una
946 1362 1140 1409 omnium
1172 1367 1383 1424 maxima,

150 1444 344 1490 veritatis
366 1431 465 1487 lex(
512 1441 704 1487 Multum
730 1443 841 1487 enim
866 1443 1043 1492 intereat
1069 1446 1379 1504 humanitatis,

143 1533 294 1577 reges,
321 1508 379 1578 ‘et'
412 1518 489 1579 qui
521 1531 659 1581 rerum
694 1515 961 1575 publicarum
994 1520 1282 1578 gubernacula
1319 1535 1383 1569 te·

100 1631 106 1638 -
141 1599 275 1654 nent,
318 1593 457 1655 scire,
496 1590 573 1642 sua
615 1597 728 1644 facta
756 1590 860 1644 'non
901 1589 946 1645 in
984 1598 1175 1646 obscuro
1217 1600 1374 1657 latere,

145 1677 219 1723 sed
252 1671 434 1721 vere'ad
466 1675 731 1732 posteritatis
766 1664 1006 1722 memoriam
1053 1677 1273 1734 proditum
1302 1679 1370 1727 iri.

137 1752 283 1809 Quare
317 1751 422 1809 qui,
463 1751 584 1798 verbi
618 1766 800 1809 caussa,
838 1754 1010 1812 tyranni
1047 1765 1115 1799 rea
1149 1755 1375 1801 memoriae

138 1831 335 1876 mandare
361 1826 616 1887 adgressus,
646 1829 685 1875 si
717 1830 823 1887 quid
856 1830 910 1875 ab
943 1843 994 1877 eo
1020 1830 1135 1875 haud
1168 1832 1276 1876 male
1309 1830 1374 1878 fa·

135 1918 254 1953 ctum
280 1907 365 1963 sit,
393 1906 504 1954 illud
527 1918 674 1953 ornetz
708 1909 863 1954 scelera
889 1921 989 1956 vero
1011 1911 1107 1968 ejus
1137 1920 1179 1955 et
1206 1909 1368 1965 flagitia

134 1987 201 2031 vel
227 1984 399 2030 silentio
425 1994 680 2042 praetereat,
709 1986 777 2029 vel
799 1984 948 2042 aliquo
979 1986 1220 2031 honestatis
1243 1986 1367 2033 colo-

141 2075 187 2107 re
207 2071 413 2121 excuset,
445 2061 536 2106 isne
569 2061 721 2117 potius
746 2055 870 2107 verus
894 2062 1115 2108 Historiae
1148 2065 1369 2120 scriptor,

135 2151 261 2195 quam
301 2139 509 2187 §sordidus
554 2137 723 2183 fabulae
760 2151 944 2198 auctor,
993 2141 1234 2188 habeatur?
1301 2142 1371 2189 Ex

134 2216 222 2260 isto
266 2228 414 2272 genere
458 2215 551 2281 fuit·
585 2217 824 2266 Philistuss
866 2219 971 2276 qui,
1014 2233 1148 2275 quum
1188 2233 1372 2278 corpore

130 2296 249 2352 jam,
281 2303 329 2337 ut
364 2292 519 2350 reliqui
548 2293 835 2352 Syracusani,
878 2292 1031 2343 servus
1062 2307 1174 2344 esset
1203 2298 1371 2355 Diony·

132 2371 220 2426 sii,
261 2370 446 2415 animum
486 2376 662 2428 quoque
695 2384 824 2418 suum
860 2373 994 2435 eidem
1028 2373 1074 2420 in
1117 2374 1368 2420 servitutem

129 2448 307 2515 addixit.
366 2448 476 2494 Nam
501 2459 543 2495 et
572 2451 614 2495 in
638 2451 787 2495 multis
818 2445 945 2498 rebus
978 2463 1160 2509 tyranno
1191 2467 1363 2510 operam

748 2531 787 2575 K
821 2545 846 2591 3
1086 2535 1092 2539 “
1248 2546 1375 2590 prae·
