1624 3016
257 219 613 274 PLUTARCHI
641 213 1196 273 MoRALmM.v01.-1.
1257 226 1345 287 ³⁸¹„

117 358 302 406 numus,
333 340 611 404 nostramque
640 351 693 394 de
725 337 1086 406 easuspicionem
1126 346 1351 395 conflrma-

118 438 201 473 tam
236 426 494 482 reperimus:
540 437 588 471 ut
618 427 803 472 diximus
839 438 985 482 supra.
1057 426 1135 470 Nil
1169 425 1352 483 pertinet

115 506 171 552 ad
192 504 404 550 -criticum
436 504 619 561 usum.)

661 627 708 682 ς.
766 637 808 682 7.

523 761 586 801 De
609 757 797 811 Xylandre'
821 768 949 812 opera.

174 890 380 948 Sequitur
404 899 454 935 ut
476 890 528 935 de
562 895 885 935 contentio
917 898 1251 936 xvtarcnxo
1286 891 1350 936 di·

117 979 267 1014 camus
283 1001 300 1024 ,
327 968 404 1024 qui
437 968 480 1013 in
505 969 725 1014 Plutarchi
748 968 1052 1024 interpretibus
1077 970 1191 1013 haud
1222 971 1352 1014 dubie

118 1046 358 1106 censendus
386 1055 452 1089 cst
476 1045 695 1101 prinecps.
757 1045 903 1103 Huius
932 1057 1059 1103 opera
1083 1045 1226 1092 tribua
1246 1058 1355 1092 con·

119 1122 281 1168 tlnetur
310 1122 702 1179 partibusgLatina
723 1121 1101 1179 Interpretatione,
1122 1135 1223 1177 seu,
1247 1123 1355 1167 Ver-

126 1201 276 1246 sione=
305 1200 675 1246 Annotationibus
701 1201 753 1244 ad
777 1201 974 1245 locorum
996 1213 1094 1245 cum
1120 1213 1356 1257 corrupto·

118 1288 214 1320 rum
233 1275 565 1321 emendationem
581 1307 597 1331 ,
619 1285 711 1320 tum
735 1275 972 1320 difficilium
992 1275 1349 1332 explicationem,

119 1357 479 1403 accommodatis:
509 1355 674 1401 Graeca
706 1354 951 1399 Moralium
986 1354 1206 1398 Editione.
1263 1351 1357 1398 Ha·

84 1474 89 1479 ,
118 1444 215 1476 rum
239 1433 422 1489 partium
448 1443 643 1488 quaeque
668 1443 795 1487 quam
823 1431 909 1475 vim
935 1430 1113 1485 habeat,
1145 1430 1351 1486 deincep·

117 1511 400 1567 exponamus.

139 1592 149 1596 ”
178 1586 402 1631 versionis
430 1588 520 1632 duo
554 1596 657 1632 sunt
690 1587 858 1632 officia:
899 1586 1117 1642 primum,
1147 1585 1280 1639 fides,
1310 1585 1356 1629 id

122 1671 216 1715 est,
259 1671 311 1706 ut
348 1672 556 1719 congruat
598 1664 856 1719 exemplari:
893 1664 1071 1707 alterum
1086 1693 1102 1717 ,
1143 1662 1354 1709 orationis

121 1738 295 1786 bonitas
310 1773 325 1796 ,
349 1753 452 1796 seu,
467 1740 697 1787 Latinitas.
730 1742 932 1797 Utroque
951 1741 1094 1784 officio
1111 1753 1209 1785 cum
1232 1742 1358 1784 laude

120 1815 302 1862 functus
332 1827 399 1863 est
434 1831 465 1863 x
482 1832 512 1864 Y
529 1832 556 1864 ι.
569 1834 599 1865 Α
614 1833 647 1864 Ν
662 1832 694 1863 D
709 1833 734 1863 ι
749 1833 798 1864 u.
860 1821 924 1864 Ac
947 1818 1070 1862 iidem
1097 1819 1268 1873 quidem
1292 1831 1357 1863 at·

123 1895 226 1938 tulit
257 1907 345 1939 eam
371 1908 476 1951 quae
508 1908 607 1941 cum
637 1897 809 1952 ingenio
831 1909 880 1940 ac
906 1897 1101 1940 doctrina
1124 1897 1358 1951 conjuncta

124 1982 265 2026 csset3
292 1982 343 2016 ut
363 1972 571 2018 Auctoris
604 1975 855 2019 sementiam
877 1975 1099 2030 diligenter
1121 1983 1162 2016 et
1185 1986 1361 2018 accura-

127 2060 172 2094 te
192 2051 380 2094 redderet
399 2050 444 2094 in
467 2051 576 2095 locis
599 2051 774 2108 integris
795 2061 837 2096 et
857 2052 996 2104 sanis,
1010 2050 1293 2106 probabiliter
1313 2050 1358 2094 in

126 2126 346 2182 corruptis
368 2136 410 2170 et
433 2126 631 2170 obscuris
648 2157 664 2180 ,
688 2127 852 2182 quippe
874 2126 1031 2169 horum
1052 2137 1254 2182 magnum
1278 2138 1362 2169 nu·

128 2215 291 2248 merum
315 2212 357 2247 et
379 2203 616 2248 emendavit
637 2214 680 2247 et
703 2203 935 2248 illustravit
960 2204 1178 2249 vertendo.
1201 2204 1366 2248 Emen-

128 2279 321 2324 dationea
351 2282 579 2336 plerasque
609 2294 693 2326 suo
714 2282 809 2337 ipse
831 2281 996 2337 peperit
1018 2281 1192 2337 ingenio
1211 2290 1255 2324 et
1278 2291 1359 2324 usu

129 2355 363 2400 Plutarchi.
437 2357 652 2412 Scriptum
688 2357 880 2400 codicem
916 2368 1006 2399 non
1038 2355 1232 2398 adhibuit
1272 2354 1361 2399 nisi

131 2434 308 2475 unicum
326 2462 341 2487 ‚
371 2434 424 2477 ab
457 2447 484 2478 t
502 2447 528 2478 ι»
542 2445 559 2477 1
573 2446 594 2477 s
611 2447 638 2477 c
654 2448 681 2477 ο
697 2447 722 2477 ι»
737 2447 752 2477 1
767 2448 795 2478 o
828 2443 1051 2489 acceptum
1067 2463 1083 2485 ,
1112 2430 1359 2476 Moralium

130 2517 208 2550 eos
242 2510 539 2553 tantummodo
573 2510 710 2554 libros
734 2510 1085 2566 complectentem
1110 2509 1187 2564 qui
1209 2509 1253 2552 in
1273 2509 1364 2552 edi-

131 2586 190 2633 tis
219 2590 422 2647 exemplis
450 2591 623 2647 minus,
657 2603 784 2647 quam
802 2590 989 2647 reliqui,
1018 2588 1230 2634 laborant.
1271 2588 1365 2643 Qui

1269 2676 1366 2720 qui-
