1624 3016
0 303 1 327 1

0 333 2 351 ι

354 118 539 171 VITA
582 120 644 172 D.
696 120 1141 169 RUHNKENII.
1276 122 1372 178 679

129 261 236 310 nae,
262 262 363 298 cnm
389 252 632 303 universae,
661 257 754 292 tum
781 247 970 292 Graecae
992 255 1034 291 et
1055 245 1264 301 Latinae,
1283 243 1363 301 qui

138 342 228 377 turn
260 330 455 386 privatus
479 336 738 372 senectutem
763 325 908 381 flagae
930 325 975 368 in
995 325 1168 369 literato
1192 322 1370 379 degebat

129 409 239 454 otio.
300 407 447 463 Hujus
484 404 812 448 familiaritatem
842 412 882 445 et
906 402 1137 446 amicitiam
1172 399 1369 447 studiose

126 485 298 529 colebat
319 481 606 527 Ruhnkenius
620 510 636 533 ,
659 489 844 533 eumque
872 478 988 532 sibi,
1018 490 1119 532 post
1139 476 1367 532 Bergerum

126 563 295 618 quidem
314 591 331 616 ,
371 560 522 604 ducem
543 558 618 602 ·ad
658 556 863 600 rariorum
907 554 1116 599 librorum
1151 552 1370 609 cognitio·

138 651 238 684 nem
281 637 530 691 exstitisse,
572 634 811 690 praedicare
849 631 1035 676 solebat.
1100 632 1167 676 De
1211 629 1376 684 Hopfio

131 715 303 761 memini
335 723 495 771 patrem
534 711 641 756 mihi
674 722 815 754 meum
852 720 1048 762 narrare,
1081 718 1217 762 quum
1256 707 1371 751 dice·

127 802 223 846 ret,
263 803 309 836 se
349 801 533 847 puerum
576 788 734 833 Bernae
777 787 901 832 illum
935 786 1021 843 jam
1057 784 1370 830 adolescentem

127 869 386 914 Graecarum
408 867 647 912 Literarum
678 866 800 910 laude
830 864 1051 909 florentem
1070 858 1368 915 cognovisse,

132 947 315 1003 eiusque
338 945 532 1000 exemplo
563 945 617 988 ad
642 944 827 988 eamdem
866 941 1035 985 laudem
1066 935 1373 993 capessendam

130 1022 356 1068 incitatum
389 1021 545 1066 fuisse.
606 1021 691 1066 Sed
714 1019 768 1065 de
793 1028 914 1076 patre
942 1029 1070 1070 mco,
1100 1014 1271 1070 optimo
1297 1012 1369 1060 vi-

126 1111 209 1153 ro,
249 1098 350 1152 cui,
393 1098 514 1153 quod
551 1096 646 1152 ipsa
685 1096 773 1140 vita
815 1096 954 1151 majus
993 1102 1086 1147 est,
1126 1091 1371 1140 Literarum

128 1186 314 1219 amorem
333 1173 645 1228 excolendique
672 1171 832 1228 ingenii
859 1172 980 1216 initia
1005 1169 1165 1224 debui,
1194 1181 1283 1215 non
1302 1177 1373 1225 est

126 1249 248 1304 quod
278 1251 362 1293 hoc
400 1249 501 1293 loco
537 1248 660 1303 plura
686 1247 853 1301 dicam;
887 1245 1232 1301 quandoquidem
1261 1242 1368 1289 alibi

127 1326 218 1371 dixi
234 1326 287 1371 de
309 1326 430 1371 illius
453 1325 642 1382 Elegio,
673 1325 795 1380 quod
818 1324 998 1380 scripsit
1017 1324 1060 1382 J.
1085 1323 1366 1370 Christianus

124 1403 314 1460 Bangius
351 1405 444 1460 (62
460 1404 482 1459 )
497 1435 513 1458 ‚
545 1402 712 1459 egregia
737 1402 805 1448 vir
827 1411 871 1447 et
891 1402 1179 1457 Antiquarum
1203 1401 1370 1448 Litera·

26 1471 33 1474 ”
118 1493 215 1525 rum
248 1480 456 1535 scientia,
486 1489 530 1524 et
561 1480 742 1525 Latinae
765 1480 974 1525 orationis
1008 1479 1246 1534 facultate,
1276 1478 1354 1526 sed

119 1557 276 1603 exteris
305 1558 441 1615 magis
471 1570 599 1612 quam
629 1557 802 1603 civibus
832 1558 927 1614 ipse
956 1557 1050 1603 suis
1078 1557 1302 1614 cognitus·

184 1636 319 1682 Venit
354 1636 539 1691 denique
565 1647 763 1693 tempus,
805 1648 895 1692 quo
932 1635 1220 1682 Ruhnkenius
1244 1635 1362 1680 illam

125 1713 250 1758 etiam
276 1714 497 1758 doctrinae
520 1726 622 1758 suae
646 1724 836 1770 partem,
867 1725 978 1770 quae
996 1713 1209 1769 exquisita
1226 1712 1364 1759 libro-

123 1802 220 1834 rum
241 1790 493 1853 cognitione
512 1790 767 1844 constabat,
790 1790 975 1847 publico
998 1802 1173 1835 munere
1193 1800 1235 1835 et
1257 1803 1361 1848 pro·

126 1867 319 1912 fiteretur
340 1876 384 1912 ct
408 1878 701 1923 expromeret,
721 1877 897 1915 mortuo
918 1868 1167 1915 Abrahamo
1185 1869 1364 1914 Grono-

121 1946 198 1992 vio
221 1945 429 2002 (1774.)
452 1946 688 1991 succedens
712 1945 760 1991 in
783 1944 1054 2001 praefectura
1073 1946 1363 1991 bibliothecae

124 2021 536 2079 Lugdunobatavac.
595 2021 712 2066 Huic
753 2022 894 2066 adhuc
918 2023 1023 2067 vivo
1057 2035 1191 2079 quum
1225 2024 1365 2068 Cura·

129 2109 246 2144 tores
266 2111 560 2143 successorem
585 2099 796 2144 destinare
821 2099 1012 2155 vellent;
1045 2110 1229 2155 uterque
1245 2100 1366 2146 Lite-

123 2188 263 2220 rarum
286 2175 545 2231 Professor,
575 2186 619 2221 et
641 2176 932 2222 Ruhnkenius
958 2187 1000 2222 et
1022 2177 1363 2234 Valckenarius,

123 2251 392 2307 provinciam
433 2251 662 2307 petebant,
691 2252 812 2297 nulla
845 2252 911 2297 illi
948 2253 1257 2300 obtrectatione
1286 2264 1365 2300 aut

120 2327 317 2386 invidia,
350 2341 458 2386 quae
488 2330 535 2375 in
566 2330 649 2376 hos
680 2331 800 2376 viros
830 2343 920 2376 non
954 2331 1157 2387 cadebat,
1186 2333 1262 2379 sed
1281 2345 1363 2388 po-

1269 2411 1359 2456 tius

167 2504 287 2559 (62)
316 2505 504 2550 Biblioth.
531 2509 629 2551 Crit.
655 2510 745 2550 Vol.
772 2510 824 2550 ΙΙ.
855 2511 952 2552 Part.
978 2510 1032 2552 11.
1057 2522 1097 2561 p.
1121 2512 1205 2559 138.

726 2577 886 2634 Vv4
