1624 3016
285 163 608 222 ἕπετον-ωε
639 170 723 212 tin
752 168 937 215 sTUn.
967 160 1222 218 vmwr.
1290 181 1381 227 ,ος

136 296 217 346 fe,
247 302 335 336 non
357 291 410 335 ab
433 291 529 335 aliis
553 291 710 347 corrigi
725 322 741 346 ‚
770 292 948 338 volunt:
980 292 1060 348 qui
1084 294 1370 341 solimorum

137 368 224 413 sibi
270 379 542 423 peccatorum
592 368 760 412 conscii
803 381 897 412 esse
947 372 1134 424 cupiunt
1155 401 1173 424 ‚
1220 381 1375 421 testu

133 446 270 491 elium
295 448 493 501 quemvis
527 446 778 500 repudiants
812 446 919 499 qui,
947 447 1198 500 deprehensi
1232 450 1278 494 in
1300 453 1373 495 de·

137 526 317 579 decore,
358 525 457 580 ipsa
490 522 669 580 pudoris
694 523 741 567 vi
766 523 820 565 ad
852 524 1158 576 impudentiam
1192 535 1374 571 conver*

140 611 325 656 tuntur,
366 601 528 648 factum
581 598 784 644 omnibus
827 598 1070 644 rationibus
1108 600 1373 658 defendunt,
1446 652 1450 655 ,

139 691 214 736 et,
246 680 489 739 utjudieio
521 678 660 734 egisse
694 677 950 731 videantur,
980 678 1064 723 hoe
1097 681 1277 726 maxime
1307 695 1373 726 ar-

141 766 347 814 gumento
365 755 528 799 efficere
554 764 600 796 se
626 760 813 808 putant,
845 752 885 796 si
903 751 1063 797 factum
1091 754 1199 799 idem
1223 757 1377 803 iterent

137 847 190 880 ae
222 839 431 891 repetant.
492 831 556 875 lta
581 827 776 887 generosi
801 829 928 873 etiam
960 841 1262 885 pervertuntur
1284 833 1376 879 ani-

139 913 229 958 mi:
271 913 429 957 malum
452 941 469 964 ,
513 909 632 965 quod
670 915 792 952 antea
834 905 1008 952 minime
1058 909 1375 965 probaverant,

136 970 319 1047 probare
354 973 559 1045 paulatim
590 986 798 1039 discunt,
826 991 974 1041 seque
993 984 1078 1042 ipsi
1111 986 1158 1032 in
1191 1000 1375 1033 errorem

136 1060 180 1110 et
210 1066 415 1122 peccandi
447 1063 801 1110 consuetudinem
840 1063 1099 1122 conjiciunt.
1168 1066 1288 1125 Qui,
1330 1066 1372 1114 si

139 1155 387 1199 opportune
412 1143 463 1188 ad
498 1141 736 1187 Historiam
773 1142 944 1187 adducti
966 1141 1183 1200 fuissent,
1212 1158 1375 1202 sponte

135 1220 183 1265 in
204 1220 343 1265 alieno
366 1220 564 1274 exemplo
597 1218 692 1262 vitii
725 1220 792 1263 sui
823 1219 1132 1275 turpitudinem
1169 1225 1375 1281 agnovis-

133 1306 260 1351 sent,
291 1296 400 1341 etin
421 1295 611 1340 Virtutis
640 1295 752 1340 viam
787 1296 1029 1342 rediissent.

189 1376 238 1421 si
266 1377 365 1431 quis
400 1375 445 1421 in
479 1377 658 1421 caverni
692 1376 920 1432 habitans,
963 1392 1196 1436 numquam
1234 1396 1285 1428 ex
1318 1380 1370 1430 ea

133 1457 342 1511 prodeat,
372 1454 446 1498 sed
479 1453 588 1498 alios
626 1453 679 1498 ad
711 1455 1006 1510 prodeundum
1043 1458 1294 1515 hortantes,
1329 1471 1372 1506 ct

134 1532 358 1580 exterioris
395 1531 508 1577 lucis
549 1531 848 1586 liberiorisque
889 1540 1014 1577 aurae
1054 1534 1368 1591 jucunditatem

134 1612 387 1666 laudantes,
421 1610 616 1666 repudiet
644 1622 692 1654 ac
727 1609 928 1665 repellat,
958 1622 1102 1656 nonne
1127 1613 1288 1670 istum,
1320 1625 1373 1663 ut

130 1689 351 1736 lenissime
371 1687 592 1740 dicamus,
618 1687 800 1730 stultum
824 1686 1123 1740 appellemus?
1147 1688 1241 1745 Jam
1268 1703 1374 1737 nos·

134 1777 199 1812 ter
239 1765 408 1811 animus
448 1763 645 1808 habitans
679 1763 726 1807 in
761 1774 945 1818 corpore
974 1771 1186 1819 tamquam
1225 1766 1270 1810 in
1302 1780 1372 1813 ca-

134 1843 295 1896 verna,
323 1839 552 1885 adstrictus
578 1852 660 1884 suo
686 1838 870 1895 tempori
894 1850 935 1883 et
959 1839 1089 1894 loco,
1111 1853 1245 1895 quum
1265 1857 1371 1899 pos-

137 1919 195 1963 sit
227 1915 329 1962 haee
367 1925 539 1961 naturae
571 1918 757 1961 claustra
791 1916 1076 1973 perfringere,
1108 1932 1237 1975 seque
1266 1935 1371 1977 pro-

137 1998 247 2043 ferre
279 1996 323 2040 in
347 1995 426 2039 alia
448 1997 543 2050 loca
566 2008 616 2040 ac
651 2005 868 2051 tempora,
899 1997 937 2040 si
970 1998 1082 2042 nolit
1115 1999 1199 2043 hoe
1233 1999 1372 2049 facere

132 2085 183 2118 ac
210 2055 304 2116 viae
331 2073 480 2117 ducem
519 2072 632 2117 ultro
664 2085 712 2116 se
745 2072 989 2118 offerentem
1023 2078 1244 2133 repudiet,
1275 2093 1368 2134 quo

130 2149 300 2195 tandem
323 2160 420 2192 eum
453 2150 626 2192 nomine
649 2150 947 2203 appellemus?
1010 2154 1147 2208 Atqui
1171 2155 1297 2201 offert
1321 2171 1373 2205 se

131 2226 276 2272 animo
297 2236 449 2271 nostro
471 2229 560 2272 dux
590 2228 722 2284 huJus
750 2227 844 2272 viae
871 2228 1065 2276 Historia
1081 2263 1100 2285 ,
1130 2246 1371 2287 repraesen-

132 2313 227 2370 tans
253 2303 319 2347 illi
343 2305 566 2360 praeterita
587 2315 781 2360 tempora
810 2306 1113 2364 disjunctaque
1134 2312 1256 2367 loca,
1288 2315 1367 2361 ubi

131 2381 265 2426 veluti
299 2393 350 2425 ex
386 2382 475 2427 alto
501 2383 744 2439 prospiciat
780 2386 1026 2430 seculorum
1057 2389 1369 2446 regionumque

129 2458 437 2504 conversiones
455 2490 473 2515 ,
519 2472 570 2505 ac
597 2461 833 2520 *repleatur
866 2463 1117 2521 cognitione
1160 2479 1258 2513 eum
1294 2471 1368 2526 ju-

1261 2561 1371 2595 cun·
