1624 3016
364 133 801 185 PHILOSOPH‘IAE
830 132 1117 182 LOGICAE.
1136 155 1142 163 ’
1277 146 1359 191 171

114 273 238 324 parte
270 274 367 305 cum
393 259 557 307 formae
579 268 670 301 tum
698 258 891 302 materiae
912 259 1089 313 longius
1109 257 1307 303 discessit
1331 273 1361 307 a

120 354 218 388 meo
241 336 453 390 consilio,
486 336 606 391 quod
637 334 820 379 subinde
838 335 974 378 >aliam
1006 336 1212 379 rationem
1235 347 1276 380 et
1298 337 1378 381 lom

119 430 275 465 corum
301 415 355 468 ab
392 415 448 459 iis
482 412 1072 457 omissorumtractationem
1107 414 1377 468 postularet.-

121 493 273 548 Itaque
305 470 397 547 ipse
441 503 510 534 me
539 489 634 533 dedi
672 488 726 532 ad
760 487 1124 532 conscribendum
1162 502 1370 545 compen-

124 575 269 622 diumt
313 586 359 619 ea
401 572 570 627 quidem
607 568 901 624 cogitatione,
935 582 1022 612 non
1056 580 1106 612 ut
1140 581 1367 626 putarem,

126 664 194 699 me
214 662 383 705 operam
409 649 455 693 in
478 660 523 692 re
548 645 632 691 levi
651 655 693 690 et
711 648 1022 691 contemnenda
1042 659 1226 703 poneret
1262 650 1368 702 sed,

126 739 179 773 ut
207 729 253 773 in
276 727 463 774 animum
497 723 773 776 inducerem,
803 723 847 766 id
878 735 947 768 me
968 724 1214 777 suscepisse
1235 737 1371 781 nego-

128 804 222 859 tii,
272 813 321 847 ut
354 800 695 856 Philosophiae,
740 811 850 855 quae
896 799 1144 855 disciplinis
1187 802 1368 856 reliquis

126 881 328 927 omnibus
363 879 553 923 ubertate
591 891 640 923 ae
679 877 888 934 dignitate
923 886 1189 934 praestaret,
1237 878 1372 934 quasi

126 959 459 1006 instrumentum
501 941 777 1002 e'onfieerem.

185 1038 329 1083 Erunt
373 1036 530 1092 procul
575 1034 742 1088 dubio,
781 1033 859 1088 qui
895 1034 1004 1079 hanc
1037 1034 1286 1092 religionem
1314 1036 1374 1081 ri-

131 1114 284 1167 deant,
327 1124 455 1157 unam
502 1109 693 1167 Logicae
738 1109 984 1167 magistram
1025 1123 1120 1157 esse
1174 1123 1375 1159 naturam

131 1189 419 1243 contendant,
461 1188 605 1233 omnia
642 1187 746 1232 artis
778 1199 1000 1245 praecepta
1032 1191 1377 1247 compendiaque

127 1265 182 1314 ad
213 1263 493 1309 scholasticas
521 1264 671 1309 sordes
707 1264 928 1320 abjiciant.
995 1265 1085 1324 Qui
1115 1268 1289 1323 quidem
1324 1269 1372 1316 in

127 1348 303 1386 naturae
338 1339 462 1384 laude
499 1350 567 1383 me
597 1339 901 1385 assentientem
938 1340 1121 1386 habent:
1165 1341 1203 1387 si
1239 1345 1372 1391 modo

129 1416 217 1472 ipsi
246 1415 531 1472 intelligunt,
561 1415 665 1471 quid
690 1427 866 1461 naturae
899 1420 1073 1464 nomine
1094 1420 1179 1464 sibi
1205 1422 1372 1478 veiint,

132 1503 351 1547 quamque
372 1493 472 1536 *vim
508 1490 547 1537 ei
579 1491 845 1540 tribuendam
869 1494 1131 1541 existiment.
1193 1495 1241 1541 Si
1264 1511 1372 1545 vero

129 1579 209 1616 nee
242 1580 310 1613 ara
346 1567 518 1614 aliunde
562 1580 689 1623 quam
723 1582 748 1614 a
781 1581 932 1616 natura
967 1572 1285 1628 proficiscitur,
1325 1577 1374 1622 in

134 1645 314 1703 eiusque
335 1644 442 1690 adeo
465 1642 730 1701 perfectione
754 1646 988 1705 consistit,
1018 1661 1110 1695 non
1138 1662 1203 1693 est
1225 1651 1373 1706 profe-

132 1732 238 1778 cto,
269 1723 390 1779 quod
414 1722 531 1768 istos
557 1734 732 1770 naturae
759 1725 1001 1772 laudatores
1029 1737 1272 1780 moremur,
1292 1730 1375 1783 qui

131 1807 263 1847 artem
283 1798 511 1845 ambitiose
540 1810 859 1859 contemnunt,
890 1812 939 1848 ut
962 1804 1138 1861 ingenio
1167 1805 1372 1853 nimirum

133 1875 222 1933 ipsi
245 1877 383 1922 valere
405 1877 640 1930 videantur,

190 1951 308 1997 Sunt
334 1963 437 2003 vero
460 1954 586 1997 etiam
609 1954 686 2009 qul
710 1955 933 2000 doctrinae
957 1957 1210 2012 elegantiam
1238 1963 1374 2016 proii-

76 2053 87 2068 .
137 2035 341 2083 teantur,
373 2041 549 2084 eamque
577 2029 624 2076 in
659 2040 777 2085 grata
807 2032 987 2085 quadam
1009 2043 1051 2079 et
1081 2036 1294 2091 naturali,
1326 2049 1376 2085 ut

135 2106 289 2164 ajunt,
330 2108 521 2152 methodi
556 2108 816 2169 negligentia
850 2121 1038 2164 ponant:
1084 2112 1250 2168 quique
1286 2116 1377 2163 sibi

61 2224 67 2233 .
141 2195 185 2229 et
216 2185 313 2230 aliis
347 2186 558 2241 eleganter
592 2185 890 2241 philosophari
925 2187 1178 2244 videantur,
1208 2203 1376 2250 quum,

138 2260 358 2317 repudiata
401 2261 630 2308 definiendi
677 2264 1090 2321 argumentandique
1125 2265 1377 2327 diligentia,

136 2338 365 2384 verborum
410 2341 536 2385 flores
562 2353 611 2386 ac
647 2341 952 2386 sententiarum
988 2345 1183 2390 acumina
1216 2359 1375 2395 conse.

136 2426 336 2471 cuntur,
365 2428 407 2462 et
439 2418 652 2463 orationis
675 2431 811 2464 cursu
843 2418 1040 2465 feruntur
1066 2422 1203 2470 nullis
1228 2423 1377 2470 Diale-

135 2483 273 2544 ctieae
291 2494 460 2556 legibus
487 2495 716 2546 adstricto.
776 2497 820 2544 A
839 2496 1004 2555 quibus
1024 2509 1107 2556 ego
1129 2499 1190 2544 ita
1207 2497 1377 2546 dissen-
1439 2523 1446 2526 x

246 2561 253 2581 l
1303 2578 1313 2587 0

1280 2590 1378 2638 ue,
