1624 3016
253 120 357 181 050·
479 119 659 168 νιτΛ
705 118 765 165 n.
819 113 1262 166 nuuuxeun.

264 261 359 295 men
395 245 440 290 in
478 254 524 287 ea
558 241 822 298 assequenda
850 240 1127 297 praecipuum
1157 240 1371 296 quoddam
1395 251 1493 286 stu-

261 330 376 371 dium
409 332 638 379 posuerat;
676 320 809 376 igitur
845 320 891 364 in
929 318 1157 364 scribendo
1193 329 1332 374 tneque
1360 330 1491 364 curae

263 405 446 449 multum
480 414 620 457 neque
661 400 868 456 temporis
905 400 1154 446 formandae
1195 402 1488 457 ommdseqne

262 478 450 525 orationi
492 478 708 523 tribuebat
724 509 742 532 ,
794 477 936 522 verbis
979 477 1116 533 magis
1157 476 1392 524 rarioribus
1436 490 1489 524 ac

262 556 446 614 poeticis
465 567 591 612 quam
625 556 813 612 propriis
835 564 878 599 et
907 555 1082 600 usitatis
1105 555 1423 611 delectabatur,
1446 566 1493 603 et

261 634 527 692 compositio
554 633 642 678 fere
667 633 771 677 dura
798 632 1089 688 impeditaque
1122 631 1293 686 exibata
1333 632 1409 678 vix
1441 643 1498 680 ιιι

262 713 482 768 crederes,
522 721 683 756 tantam
721 710 768 755 ln
809 723 861 755 eo
889 722 984 755 esse
1018 710 1179 767 ingenii
1215 710 1490 760 celeritatem.

263 790 363 835 Huc
392 788 617 835 accedebat
647 788 728 832 alia
765 787 1007 832 diversitas.
1065 787 1403 843 Valckenarius,
1441 798 1495 836 nt

239 886 243 890 ·
262 867 399 926 magis
418 867 541 911 etiam
565 865 918 910 Hemsterhusius
937 864 1228 919 factitaverat,
1245 865 1408 911 multos
1430 867 1492 911 le·
1552 874 1555 878 '

264 946 389 1003 gebat
412 942 643 989 hodiernos
674 939 842 995 libros,
874 950 918 985 ct
944 940 1209 998 Belgica-„et
1234 943 1492 991 Franeieost

259 1021 552 1068 Ruhnkenius
583 1018 709 1064 etiam
744 1017 953 1074 Italicos,
994 1018 1242 1076 Anglieoa,
1265 1019 1497 1068 Germani.

260 1115 339 1146 cos
363 1132 380 1156 ‚
421 1099 496 1161 sed
540 1096 862 1155 paucissimos,
902 1108 981 1142 nee
1016 1095 1104 1142 fere
1138 1098 1226 1143 nisi
1265 1111 1368 1155 eos,
1411 1101 1492 1157 qui

262 1190 360 1222 cum
383 1163 522 1233 ipsius
545 1173 816 1231 professione
836 1174 1059 1232 conjuncti
1088 1186 1265 1231 essent,
1293 1177 1423 1233 idque
1447 1186 1494 1225 et

262 1256 448 1301 breviter
482 1264 524 1300 et
554 1254 775 1308 celeriter,
801 1265 882 1299 nee
917 1254 971 1299 ad
999 1241 1097 1299 ilias
1132 1252 1303 1310 linguas
1322 1253 1492 1300 discen.

260 1337 369 1389 das,
401 1334 475 1378 sed
505 1334 559 1378 ad
579 1345 654 1386 ses
690 1331 1044 1388 cognoscenda-z
1085 1332 1112 1378 a
1141 1329 1395 1376 Germanice
1425 1330 1493 1376 lo·

264 1413 423 1467 quendi
441 1410 642 1473 facultate
656 1409 934 1463 desueverat,
964 1407 1159 1463 Belgicae
1179 1408 1495 1466 Francicaeque

262 1493 435 1548 linguae
456 1490 664 1534 hactenus
686 1495 960 1540 assueverat,
1002 1495 1215 1541 quatenus
1249 1484 1355 1531 satis
1377 1497 1496 1536 esset

262 1572 318 1615 ad
351 1567 648 1624 quotidianum
690 1566 804 1610 vitae
845 1562 1088 1608 communis
1126 1574 1283 1608 usumt
1322 1574 1494 1609 omnem

263 1647 478 1694 scribendi
509 1646 768 1702 diligentiam
802 1645 846 1691 in
880 1658 964 1690 una
993 1644 1181 1701 ponebat
1213 1643 1370 1690 Latina
1400 1658 1500 1691 ora.

261 1723 409 1769 tione:
436 1733 477 1766 et
500 1735 597 1766 cum
621 1723 693 1766 illa
724 1723 1068 1776 consuetudine,
1097 1731 1189 1765 tum
1215 1734 1294 1765 sua
1313 1731 1493 1778 natura,

262 1798 602 1855 idconsecutu's.
634 1807 730 1853 est,
757 1808 836 1853 ut,
865 1799 989 1853 quod
1020 1798 1072 1842 ab
1106 1798 1232 1842 Initio
1274 1799 1495 1854 diximus,

264 1875 468 1919 immunis
499 1874 553 1917 ab
576 1874 709 1930 hujus
743 1875 900 1918 saeculi
932 1874 1055 1929 labe,
1085 1886 1208 1918 aurea
1243 1874 1494 1919 Latinarum

265 1964 400 1998 aetate
431 1950 672 1996 Literarum
707 1951 751 1996 in
783 1952 914 1996 Latio
933 1963 1063 1998 natus
1087 1951 1406 2007 institutusque
1430 1951 1514 1998 vi-'

261 2032 448 2076 deretur.
660 2075 666 2084 ,

322 2108 407 2151 Sed
429 2107 532 2150 haec
554 2114 640 2149 erat
659 2117 805 2149 eorum
828 2104 873 2148 in
893 2104 1073 2160 scriptis
1092 2103 1339 2150 diversitast
1353 2104 1498 2150 omnin

255 2174 312 2230 'in
334 2183 514 2228 dicendo
544 2192 587 2225 et
620 2182 783 2236 agendo
809 2181 932 2224 aliter
956 2180 1230 2237 apparebant.
1288 2179 1498 2224 Ruhnke-

267 2262 328 2306 nii
354 2261 566 2305 excellens
587 2259 796 2303 orationis
825 2258 966 2301 virtus
989 2258 1136 2300 minus
1156 2255 1495 2312 agnoscebatur-s

270 2353 360 2386 non
391 2340 530 2383 deerat
562 2337 751 2392 dignitas
784 2329 829 2380 in
865 2335 1066 2392 corporis
1095 2332 1267 2387 forma,
1310 2332 1494 2385 babitu,

274 2427 426 2472 gestu,
455 2427 609 2459 motue
649 2415 819 2458 aderant
850 2413 1030 2475 laterum
1063 2411 1208 2463 vires,
1247 2420 1337 2453 vox
1365 2407 1493 2451 etiam

273 2493 413 2538 aderat
434 2493 572 2549 ampla
600 2504 700 2534 cum
733 2490 888 2535 robore
910 2501 953 2534 et
981 2489 1179 2545 impetua
1201 2486 1340 2531 deerat
1368 2483 1496 2528 vocis

1423 2571 1498 2606 va-
