1624 3016
339 164 524 216 vtra
560 166 620 214 n.
664 160 1137 213 RUHNKEN11.-
1256 156 1374 220 ου’·

126 293 269 350 qualis
296 301 494 336 constare
523 291 713 335 videtui-2
746 290 803 334 ita
839 289 885 333 bi
915 289 1026 342 viri,
1069 286 1110 331 si
1141 286 1188 331 in
1214 291 1350 336 oeru-

126 381 224 418 men
243 368 424 413 invicem
454 360 805 411 descend‘issentz
838 374 1098 418 quamquam
1121 374 1168 405 ea
1189 361 1353 409 cratein

126 453 310 498 utroque
340 453 382 487 et
407 443 536 487 animi
567 440 845 497 magnitudo,
874 450 917 482 et
935 449 1084 482 mutua
1106 438 1357 483 benivolen-

125 519 212 573 tia,
252 528 306 563 ut
340 517 673 564 concertationis
713 526 789 559 aut
820 514 1047 559 rivalitatis
1081 526 1143 558 »ne
1180 514 1358 559 minima.

127 596 297 650 quidem
330 596 374 640 in
408 604 558 639 eorum
577 580 807 647 *mentibus
839 594 905 636 vel
940 591 1150 647 cogitatio
1183 593 1250 635 vel
1281 603 1356 636 su-

124 674 267 728 spicio
286 673 534 724 exsistet-sta
555 673 632 715 aed
655 679 794 714 tamen
817 669 855 713 si
879 668 924 712 in
944 678 1158 713 certamen
1179 668 1358 713 descen·

125 750 323 804 dissent,
362 750 408 794 in
454 748 712 792 Ruhnkeniu
748 745 1048 802 apparuissent
1091 755 1132 788 et
1168 744 1278 789 vires
1309 753 1355 790 et

127 827 396 873 concinnitas
428 825 683 882 agilitasque
711 823 758 868 in
788 834 944 876 motu,
975 821 1135 876 quibus
1158 821 1358 864 adversa·

124 902 235 947 rium
267 911 434 958 urgeret
462 915 477 947 z
520 899 827 944 Valckenarius
851 912 940 943 suo
970 898 1065 955 ipse
1094 909 1141 942 se
1172 896 1359 952 pondere

125 992 174 1026 ac
212 978 366 1024 robure.
411 978 554 1032 tueri,
597 989 852 1032 omnemque
883 975 1113 1022 adversarii
1151 974 1359 1032 impetum

120 1051 348 1101 confutare
383 1056 612 1101 videretur.
869 1071 871 1073 ·

182 1133 279 1178 Hoc
324 1133 373 1177 in
413 1132 616 1186 materia,
660 1132 798 1188 maius
844 1129 969 1175 etiam
1011 1128 1057 1175 in
1103 1127 1241 1174 forma
1272 1137 1361 1175 erat

133 1209 383 1259 discrimen.
454 1209 503 1253 ln
539 1209 766 1253 scribendo
803 1207 1136 1262 explicandaque
1165 1207 1362 1253 doctrina

123 1285 411 1331 Ruhnkenius
433 1285 659 1332 adhibebat
688 1284 931 1337 delectum,
958 1282 1179 1336 ordinem,
1200 1293 1359 1328 certam

121 1363 168 1409 in
190 1363 317 1412 rebus
342 1364 626 1418 disponendis
650 1376 698 1408 ac
725 1363 973 1410 disserendo
997 1362 1226 1416 rationem
1249 1363 1360 1409 unde

124 1441 171 1485 in
200 1441 410 1486 *omnibus
442 1442 535 1497 ejus
569 1440 747 1496 scriptis
771 1441 955 1496 legenti,
986 1440 1109 1495 quasi
1134 1441 1209 1484 lus
1234 1453 1363 1495 quae-

123 1516 247 1571 dini,
277 1517 474 1563 oboritur
500 1517 782 1573 perspicuitas
805 1517 1196 1572 intelligentiaeque
1218 1517 1357 1565 facili·

127 1604 222 1644 raaz
258 1596 404 1641 harum
435 1597 584 1641 dotum
610 1596 917 1645 Valckenarius
944 1609 1022 1643 nec
1048 1598 1253 1644 rationem
1287 1596 1362 1640 ha-

127 1671 283 1726 bebat,
310 1685 389 1719 nec
430 1673 630 1721 fructum
657 1675 1031 1731 consequebatur,
1059 1674 1361 1731 expromendis

122 1750 365 1797 reconditae
386 1751 605 1800 doetrinae
627 1751 769 1807 copiis
795 1754 920 1798 unice
951 1762 1202 1798 contentus.
1252 1751 1358 1796 Por-

120 1837 172 1871 ro
197 1825 482 1877 Ruhnkeniua
501 1827 593 1882 illi,
623 1828 675 1875 de
698 1840 784 1884 qua
806 1828 1022 1880 diximus,
1058 1827 1363 1884 perspicuitati

119 1903 378 1959 adiungebat
416 1904 595 1955 Latinae
637 1905 847 1952 orationis
886 1905 1152 1959 bonitatem,
1191 1907 1367 1963 elegan-

121 1981 252 2033 tIam,
301 1981 585 2036 suavitatem,
632 1982 826 2035 lumina,
870 1980 1051 2026 omnino
1092 1983 1363 2036 eloquentiae

120 2058 563 2112 commendationem3
597 2069 644 2102 ut
667 2059 760 2115 eJus
794 2042 970 2114 scriptis
994 2058 1055 2102 nil
1089 2059 1133 2102 in
1173 2059 1257 2103 hoc
1291 2071 1367 2115 ge-

122 2145 222 2184 nere
243 2134 303 2178 sit
325 2135 391 2177 vel
412 2133 648 2190 iucundius
669 2137 814 2190 lectu,
847 2135 917 2180 vel
938 2135 1075 2191 magis
1096 2135 1149 2178 ad
1170 2136 1364 2181 allicien·
1406 2188 1411 2198 ,

120 2211 224 2258 dum
251 2211 566 2265 tenendumque
594 2211 787 2260 studium
816 2211 999 2267 legentis
1028 2210 1204 2266 efficax;
1235 2211 1362 2267 isque

122 2297 237 2333 unus
275 2286 319 2329 in
363 2288 514 2343 paucis
551 2299 698 2334 eorum
736 2288 827 2340 sit,
868 2287 943 2342 qui
993 2287 1194 2332 criticum
1237 2301 1365 2345 argu-

121 2373 314 2415 mentum
337 2363 551 2414 scribendi
574 2366 676 2409 dote
699 2363 996 2411 exhilararent.
1052 2363 1361 2415 Valckenarius

119 2439 297 2489 Latinae
346 2438 554 2484 orationis
600 2440 844 2485 castitatem
886 2449 931 2483 et
981 2440 1236 2495 elegantiam
1279 2453 1358 2487 nec

117 2519 374 2585 spernebat,
404 2531 483 2568 nec
517 2533 698 2579 morsus
721 2520 991 2576 negligebat,
1020 2531 1258 2584 numquam
1290 2532 1357 2571 ta-

719 2594 748 2638 S
764 2608 785 2639 s
827 2608 854 2650 5
1269 2607 1366 2646 men
