1624 3016
368 135 625 184 semer.
657 131 856 179 mmo.
889 126 1136 195 ms‘rott:
1280 132 1406 186 εις,

134 263 300 319 'quibus
319 260 521 305 omnibus
541 258 830 303 describendis
852 269 940 301 non
960 257 1105 300 solum
1125 251 1386 311 diligentis·-

135 340 239 385 simi
274 338 554 391 enarratoris‚
593 337 669 380 sed
702 333 943 392 gravissimi
976 333 1168 378 auctoris
1197 332 1388 377 laudeni

138 418 283 462 habet.
342 416 462 459 Adeo
493 415 643 458 nullus
676 423 743 456 est
765 412 819 456 ab
846 424 899 456 eo
919 418 1179 454 memoratus
1202 410 1387 466 homo,-

134 494 261 538 locus
275 524 291 546 ‚
331 502 541 545 eventus,
594 490 701 544 quin
742 492 835 544 ejus
867 498 952 531 tam
1001 497 1159 533 certam
1195 488 1386 532 habetest

133 571 380 624 scientiam,
413 581 537 624 quam
557 567 596 611 si
628 566 832 611 sensibus
857 565 950 621 ipse
970 564 1062 608 suis
1083 576 1181 607 eum
1199 576 1382 620 cognom

131 646 296 691 vissetz
325 646 443 690 nulla
464 644 577 689 vitae
597 651 854 695 naturaeque
879 640 1085 684 humanae
1103 651 1203 695 pars
1217 670 1234 694 ,
1258 641 1382 694 quin-

128 735 218 769 eam
245 731 287 767 et
310 721 471 765 ratione
497 729 539 763 et
561 717 820 774 experientia
855 726 1080 761 tractatam
1107 728 1156 760 ac
1189 716 1375 772 penitus·

128 807 393 857 perspectam
417 797 618 841 habuisse
642 796 850 843 videatur.
881 793 1033 849 ltaque
1055 791 1223 846 effecit,
1241 793 1365 848 quod

127 878 213 922 sibi
231 884 512 934 proposuerat
526 904 544 929 ,
568 873 804 919 Historiam
826 870 939 916 vitae
960 870 1231 925 magistram,
1250 881 1365 914 nun-

122 956 234 1001 ciam
258 954 472 1007 veritatis,
502 962 544 996 et
565 950 812 995 futurorum
839 961 893 993 ex
914 945 1154 1004 praeteritis
1176 948 1363 1002 pruden-

121 1033 331 1078 tissimam
369 1029 687 1087 conjectricem.
748 1026 896 1083 Hujus
928 1024 1194 1082 anoem,talis
1228 1023 1367 1068 tanti·

115 1098 206 1165 'qus
227 1108 460 1164 Scriptoris
481 1105 678 1160 cognitio
692 1134 710 1159 ,
741 1104 844 1158 quis
876 1101 1044 1154 dubitet
1065 1101 1173 1157 quin
1194 1102 1353 1159 degus-

120 1185 246 1229 tanda
269 1185 327 1228 sit
354 1181 726 1233 adolescentibus,
755 1191 855 1223 cum
877 1180 931 1223 ad
953 1178 1092 1235 ipsam
1116 1178 1224 1223 hanc
1256 1190 1352 1234 per-

109 1254 349 1317 cipiendam
394 1270 534 1303 rerum
575 1257 874 1312 praestantiam
897 1285 916 1308 ,
957 1265 1048 1300 tum
1090 1266 1144 1299 ne
1185 1256 1351 1302 nudam

113 1349 203 1384 eam
227 1346 269 1380 et
296 1335 476 1381 ornatus
495 1343 706 1390 expertem
728 1333 774 1378 in
795 1332 893 1379 aliis
915 1332 1028 1379 forte
1043 1332 1346 1390 scriptoribus

40 1455 44 1459 .
109 1425 380 1463 contemnere
403 1413 586 1459 discant.

168 1493 210 1537 Α
233 1490 418 1547 Polybio
432 1491 497 1545 {ad
523 1490 798 1535 Plutarchum
819 1490 918 1536 item
943 1489 1117 1536 ducenti
1138 1488 1226 1535 fere
1241 1498 1348 1535 aunt

109 1574 236 1620 anni:
267 1585 398 1629 eaque
423 1582 535 1616 aetas
571 1584 661 1616 non
692 1572 839 1617 minus
862 1585 911 1616 ac
935 1573 1159 1628 superior,
1188 1572 1347 1617 simili-

110 1654 256 1709 quein
278 1662 449 1708 genere,
473 1649 795 1694 Historicorum
822 1649 908 1695 fuit
934 1649 1079 1696 seran
1108 1651 1341 1707 eademque

106 1730 285 1776 Latinas
320 1727 490 1773 Literas
531 1736 573 1772 et
606 1737 862 1782 nascentes,
891 1736 938 1773 et
956 1727 1188 1782 florentes,
1215 1738 1259 1772 et
1282 1729 1365 1773 la··

106 1808 254 1852 bentes
281 1805 408 1850 vidit.
472 1805 555 1851 Sed
588 1806 640 1850 de
673 1804 852 1851 Graecis
874 1805 1059 1864 agimus.
1116 1806 1176 1850 Hi
1199 1807 1287 1851 fere
1314 1820 1340 1852 a

106 1882 395 1927 Grammatiea
422 1891 464 1927 et
491 1881 779 1938 Philosophia
809 1883 865 1926 ad
885 1882 1123 1928 Historiam
1144 1895 1338 1929 accesse-

105 1971 206 2005 runt
219 1990 235 2012 ,
248 1958 527 2004 eruditissimi
548 1959 745 2005 homInes
763 1970 805 2004 et
825 1961 1183 2017 doetrinaeeopia
1201 1962 1339 2008 abun·

104 2039 283 2090 dantes,
313 2046 451 2079 rerum
489 2035 638 2090 potius
668 2036 856 2082 studiosi
891 2049 1019 2092 quam
1049 2038 1259 2084 orationis
1290 2048 1336 2084 et

105 2112 470 2168 compositionis,
496 2124 636 2166 neque
660 2121 802 2161 tamen
826 2113 959 2171 hujus
979 2115 1032 2159 ad
1043 2115 1332 2171 Polybianum

101 2201 242 2244 usque
262 2189 434 2234 modum
457 2190 739 2245 negligentes.
798 2191 898 2236 Fuit
929 2203 972 2236 et
993 2194 1123 2251 hujus
1144 2197 1328 2252 aetatis,

100 2278 143 2312 et
174 2269 443 2322 sequentium
479 2267 721 2316 seculorum
755 2282 893 2325 usque
916 2273 969 2316 ad
994 2272 1203 2320 exstincta
1226 2276 1328 2332 Jus-

95 2345 248 2394 tiniani
272 2345 447 2399 imperio
468 2345 766 2391 humaniorum
786 2346 1025 2393 Literarum
1057 2358 1100 2393 et
1128 2350 1328 2396 Philoso-

95 2419 223 2476 phiae
254 2421 423 2475 studia,
453 2421 536 2465 ista
569 2421 736 2466 indoles
768 2434 810 2470 et
845 2426 1067 2480 conditio,
1108 2437 1158 2471 ut
1186 2429 1324 2483 magis

91 2499 140 2548 in
164 2498 367 2557 augendis
393 2499 611 2549 doctrinae
632 2501 776 2557 copiis
792 2531 810 2555 ,
834 2515 967 2559 quam
990 2504 1208 2555 retinenda
1227 2519 1327 2552 ora·

730 2579 774 2642 Q
803 2593 832 2642 3
1239 2583 1326 2632 tio-
