1624 3016
375 162 377 165 ’
410 147 640 197 PHILOS.
673 143 813 192 CUM
857 142 1165 191 LITTERIS.
1330 155 1420 201 107

176 279 327 325 chrum
366 274 559 330 utileque
589 280 703 319 esset
742 269 983 323 nescirent,
1027 280 1131 312 mox
1163 265 1412 321 alriniusta

178 355 315 414 gloria
336 352 507 409 depulsi
536 361 658 396 sunt.
701 349 918 394 NImirum
941 351 1102 393 clarum
1134 357 1416 403 apertumque

177 443 271 488 est,
297 428 656 485 Philosophiam,
678 438 779 473 cum
801 426 897 481 ipsa
921 426 1211 470 doctrinarum
1233 424 1291 468 sit
1312 425 1417 480 pul?

179 509 421 562 cherrima,
450 505 651 551 nonnisi
679 502 863 548 naturali
898 501 994 555 via,
1025 502 1070 545 id
1098 510 1194 554 est,
1224 500 1420 557 pulchri.

179 590 344 636 tudinis
395 584 791 638 commendatione,
833 582 879 627 in
912 581 1135 626 hominum
1170 579 1339 648 ingenia
1370 591 1420 624 se

180 669 394 714 insinuare
423 677 569 721 posse.
1204 639 1215 669 s
1248 720 1250 722 Ι

238 743 323 788 Sed
348 740 628 796 elegantiores
666 738 830 782 litterae
862 727 1189 791 Philosophiam
1223 747 1314 781 uon
1347 747 1422 781 so-

181 823 270 866 lum
308 830 484 865 suavem
509 827 553 861 et
577 815 843 873 jucundam,
874 825 1020 858 verum
1055 814 1181 857 etiam
1203 814 1351 859 utilem
1377 822 1422 861 et

182 897 448 943 fructuosam
472 893 614 950 generi
637 892 824 935 humano
850 889 1047 935 reddunt.
1109 888 1243 947 Quod
1266 898 1314 935 ut
1335 890 1423 935 ela·

179 985 276 1018 rum
308 971 415 1026 flat,
442 969 763 1025 Philosophum
798 967 927 1014 uobis
962 979 1192 1023 parumper
1212 966 1356 1012 animo
1377 977 1421 1012 ea

182 1050 446 1107 cogitatione
469 1050 701 1105 fingamus.
757 1046 950 1091 Primum
980 1044 1111 1101 igitur
1136 1055 1237 1094 eum
1269 1056 1421 1091 omnes

183 1138 280 1181 res,
323 1139 433 1182 quae
473 1124 779 1181 Philosophiae
809 1123 1029 1181 subjectae
1073 1132 1208 1178 aunt,
1248 1122 1304 1167 ad
1340 1120 1423 1166 tria

23 1213 27 1219 ’
94 1239 97 1242 -
181 1203 439 1250 universalia
487 1202 677 1248 revocari
725 1201 897 1258 possint
932 1200 1103 1257 capim,
1142 1202 1197 1245 ad
1235 1211 1418 1254 verum,

184 1282 380 1338 bonum,
419 1291 463 1327 et
498 1282 758 1339 pulchrum,
798 1290 951 1325 noscat
998 1281 1100 1325 haee
1143 1278 1223 1324 tria
1252 1291 1421 1336 genera·

184 1358 455 1417 Quamquam
481 1358 534 1403 ab
558 1357 791 1403 innumeris
821 1357 904 1413 jam
944 1355 1067 1400 annis
1098 1368 1239 1412 usque
1269 1358 1323 1404 ad
1341 1370 1424 1403 no.

186 1445 315 1482 atram
342 1437 430 1481 fere
467 1444 639 1481 aetatem
674 1434 742 1479 hic
766 1446 884 1478 error
915 1434 1125 1488 invaluit,
1155 1443 1205 1478 ut
1228 1434 1423 1483 doctrina

186 1514 238 1560 de
259 1513 441 1570 pulchro
466 1513 614 1566 potius
650 1514 704 1556 ad
737 1511 858 1555 aliam
889 1512 1090 1566 quamvis
1116 1511 1421 1570 disciplinam,

187 1601 316 1645 quam
347 1591 400 1634 ad
441 1589 795 1645 Philosophiam,
848 1588 1057 1643 pertinere
1100 1599 1291 1645 putetur.
1358 1591 1423 1636 Aa

185 1666 347 1711 viderat
373 1666 460 1724 jam
496 1665 804 1721 Anaxagoras,
835 1677 931 1709 esse
965 1666 1248 1711 universalem
1285 1679 1423 1721 quan·

187 1745 283 1794 dam
319 1743 540 1789 notionem
574 1756 623 1790 ae
659 1743 747 1788 vim
781 1742 1120 1799 pulchritudinis
1143 1775 1160 1797 ,
1207 1757 1316 1800 quae
1346 1757 1424 1801 per

190 1831 325 1869 totam
351 1834 488 1868 rerum
509 1832 705 1868 naturam
727 1821 834 1865 adeo
854 1820 1012 1866 diffusa
1029 1821 1114 1875 sit,
1141 1831 1191 1865 ut
1212 1821 1256 1866 in
1271 1822 1423 1879 siugu-

190 1901 255 1945 las
281 1899 568 1957 minimasque
593 1913 660 1948 rea
692 1900 872 1954 influat,
914 1912 1003 1945 eam
1035 1899 1243 1944 diversam
1269 1914 1364 1945 esse
1396 1915 1424 1947 a

192 1979 341 2031 bono,
369 1989 501 2033 vero,
531 1990 580 2022 ae
602 1976 824 2033 perfeeto,
852 1975 1157 2032 propriamque
1177 1976 1265 2020 sibi
1286 1990 1335 2020 ac
1350 1978 1425 2021 de-

192 2057 358 2103 finitam
379 2055 533 2100 habere
554 2055 804 2104 essentiam.
852 2054 957 2101 lude
974 2054 1092 2099 varia
1112 2055 1423 2110 elegantiorum

188 2133 423 2183 litterarum
457 2143 607 2187 genera
631 2131 859 2194 oriunturz
891 2130 992 2175 inde
1027 2129 1186 2183 officii,
1213 2130 1423 2187 virtutis,

189 2220 319 2265 atque
341 2207 582 2254 honestatis
605 2207 715 2254 ratio
742 2205 964 2261 nascitur,
998 2218 1125 2260 quam
1147 2206 1233 2250 uisi
1252 2218 1328 2252 aut
1355 2220 1424 2253 to·

188 2298 306 2340 tam,
335 2294 410 2330 aut
442 2285 644 2342 majorem
676 2294 867 2340 partem,
895 2296 948 2328 ex
970 2284 1053 2327 hoc
1077 2282 1203 2329 fonte
1227 2285 1423 2342 derivet,

190 2378 270 2413 uae
298 2365 335 2409 ia
370 2364 570 2412 virtutem
606 2363 786 2417 efficiat,
818 2375 927 2418 quae
955 2375 1103 2418 parum
1131 2362 1223 2409 isto
1251 2366 1426 2412 nomine

186 2442 317 2500 digna
336 2442 548 2491 videatur.
603 2442 675 2490 Ad
710 2441 819 2493 hanc
852 2443 1132 2501 Anaxagorae
1161 2443 1432 2501 descripriffi

1331 2536 1428 2571 nem
