1624 3016
282 151 382 222 ‘51⁸
553 158 976 206 PRAEFATm
1033 161 1266 210 νιτΛΕ

299 286 352 331 de
373 283 658 330 adolescendo
686 282 938 327 Ruhnkem’l
965 284 1015 326 ln
1045 286 1279 354 exemplum
1309 290 1530 348 proposita

298 359 631 405 adolescentibus
660 357 844 403 Batavis
865 358 1076 402 bonarum
1090 357 1347 407 Licet-mn
1372 364 1533 409 nudio-

300 439 385 482 515:
425 436 546 492 quod
584 444 881 492 argumentum
919 434 1027 491 quin
1069 435 1174 481 mihi
1220 446 1262 481 et
1296 440 1450 496 locus,
1488 451 1531 487 et

299 523 502 569 tempus,
531 522 575 556 et
605 523 671 555 res
709 512 805 568 ipsa
829 511 1111 568 imposuerit,
1142 525 1268 558 nemo
1290 515 1530 573 dubitabit,

302 591 382 645 qui
425 602 513 635 non
551 588 743 645 ignoret,
789 599 899 643 quae
936 590 994 632 sit
1029 589 1299 645 eloqssentiae
1334 594 1533 650 materia,

305 679 415 722 quae
460 665 710 711 Ruhnkenii
757 666 1044 721 praestantia,
1081 669 1201 722 quod
1240 669 1412 725 pietatis
1444 671 1534 716 offi-

299 743 435 790 cium.
497 743 711 788 sedidem
741 754 1037 799 argumentum
1069 756 1203 798 quum
1237 746 1297 789 sit
1327 758 1423 801 pars
1455 746 1540 791 bu·

295 821 374 880 Jus
396 820 563 875 libe11i3
593 831 684 865 non
705 820 913 874 attinuit,
940 831 1014 864 aut
1041 819 1156 865 illam
1185 822 1420 867 ontionem
1444 825 1544 870 ede-

301 911 375 953 re,
404 906 507 951 aut,
540 896 688 940 libello
725 905 845 940 antea
879 896 1073 950 edendo,
1114 898 1298 943 orationi
1331 899 1541 946 novitatis

303 974 477 1031 gratiam
503 972 751 1029 praeripere.
809 970 1081 1029 Quamquam
1108 975 1160 1019 ad
1183 974 1299 1019 hunc
1331 978 1543 1023 retardan-

302 1052 405 1097 dum
447 1051 677 1104 aerinsqne
713 1049 991 1094 emittendum
1040 1050 1145 1095 aliae
1185 1051 1338 1108 etiam,
1379 1065 1456 1110 per
1493 1067 1545 1100 se

305 1126 427 1182 ipsae
464 1126 571 1170 satis
605 1124 827 1182 efficaces,
866 1139 1041 1172 caussae
1082 1129 1332 1175 valuerunt:
1381 1130 1559 1186 altera,·

309 1204 430 1261 quod
462 1203 773 1249 Amstelodami
807 1205 1115 1260 excuderetur,
1147 1218 1213 1249 me
1243 1206 1450 1264 Lugduni
1469 1209 1545 1253 de-

309 1290 462 1339 gente,
485 1295 533 1326 ac
562 1281 875 1337 speciminibus
901 1283 1192 1337 exemplorum
1217 1283 1331 1327 ultro
1348 1283 1545 1340 citroque
1599 1296 1607 1325 ι

310 1358 531 1405 mittendis
564 1358 678 1403 haud
707 1358 909 1416 exiguum
943 1368 1113 1415 tempus
1148 1361 1332 1416 perit-ets
1374 1361 1539 1419 altera,

311 1439 469 1485 horum
500 1448 744 1494 temporum
781 1437 1038 1490 difficultas,
1067 1450 1178 1492 quae
1205 1438 1548 1496 chalcographus

313 1513 501 1559 subinde
534 1511 588 1557 ab
627 1513 796 1558 officina
833 1513 887 1558 ad
920 1512 1113 1556 militiam
1154 1524 1341 1558 vocaret.
1410 1514 1551 1571 [gitur

314 1592 508 1637 ducenda
531 1602 580 1634 ac
601 1590 784 1635 diversis
808 1588 1077 1646 temporibus
1101 1589 1324 1644 repetenda
1344 1590 1555 1645 scriptio·

314 1660 371 1717 ne
390 1671 492 1714 item
514 1668 676 1714 factum
700 1680 792 1725 est,
818 1680 867 1714 ut
888 1669 935 1714 in
955 1672 1049 1726 ejus
1068 1669 1204 1714 initiis
1222 1682 1270 1713 ac
1292 1654 1436 1726 priore
1454 1682 1552 1726 par-

317 1747 361 1792 te
391 1745 530 1791 acrior
562 1746 800 1802 impressus
834 1746 894 1790 sit
926 1747 1121 1800 doloris,
1151 1756 1307 1810 utpote
1338 1745 1557 1802 recentis,

314 1812 501 1871 sensus:
533 1826 731 1880 idemque
759 1825 894 1868 lenior
918 1824 1121 1881 deinceps
1152 1825 1196 1869 in
1223 1836 1456 1880 progressu
1477 1837 1555 1881 ap-

316 1894 489 1961 pareat,
518 1913 561 1948 et
590 1912 784 1958 tempore
817 1912 860 1947 et
892 1903 1058 1947 ratione
1086 1902 1246 1947 sensim
1282 1901 1556 1952 succedente.
1609 1894 1624 1956 i

375 1980 511 2040 Quod
545 1982 598 2024 ad
630 1980 788 2024 calcem
823 1979 990 2035 subjeci
1017 1980 1270 2035 peculiarem
1292 1967 1586 2023 notationem.
1605 1963 1624 1986 ³⁴

318 2056 515 2105 loco‘rum
540 2055 585 2099 in
607 2055 724 2099 libro
743 2055 942 2099 universe
969 2054 1343 2113 significatorum,
1365 2053 1449 2098 feci
1467 2065 1570 2101 non*
1622 2076 1624 2078 ·

320 2142 406 2179 tam
436 2146 526 2178 mea
547 2143 736 2190 sponte,
767 2146 896 2189 quam
919 2133 1015 2177 aliis
1047 2131 1341 2177 monentibus.
1399 2130 1559 2186 Neque
1606 2132 1624 2181 f

321 2214 438 2256 enim
462 2212 566 2256 vel
553 2224 598 2256 in
622 2211 815 2265 ratione,
844 2212 916 2256 vel
947 2210 994 2255 in
1026 2209 1231 2268 Veterum
1266 2220 1408 2263 more,
1435 2206 1563 2283 poei-

320 2296 414 2333 tum
446 2298 546 2340 est,
589 2287 682 2331 suis
711 2286 855 2342 ipsum
888 2286 1065 2340 scriptis
1102 2285 1271 2330 scholia
1301 2285 1559 2340 addere,oe
1621 2343 1624 2345 Α

324 2364 603 2418 appendicem
640 2373 855 2420 attexere,
899 2377 1009 2419 quae
1035 2376 1124 2408 non
1148 2377 1247 2408 cum
1276 2363 1375 2418 ipso
1399 2359 1562 2406 oratio-

323 2442 394 2486 nis
417 2442 542 2499 quasi
559 2443 845 2501 perpetuitate
863 2455 913 2488 ac
934 2442 1010 2488 filo
1032 2451 1236 2489 contexta
1255 2439 1332 2486 sit.
1388 2435 1471 2484 Sed
1488 2438 1563 2484 ni-

1341 2555 1365 2564 f
1477 2525 1562 2572 ΝΡ.
