1624 3016
266 160 376 219 tw
464 150 697 208 omn-10
724 156 806 206 ns
837 153 1311 217 commeneus

206 294 208 296 ’
268 288 387 333 diere
418 282 694 340 Philosophi.
765 280 826 327 Et
858 284 910 327 de
941 282 1131 329 Socratis
1167 283 1340 338 quidem
1375 282 1504 328 dictis

276 364 492 420 factisque
526 361 639 407 unde
669 370 843 406 constat
877 371 1005 415 quarn
1041 373 1092 406 ex
1137 360 1425 418 Xenophonte
1465 370 1510 404 et

276 440 488 486 Platone?
547 439 660 484 Nam
698 438 768 482 ilia
792 437 1206 495 elegantissimorum
1230 437 1512 494 Dialogorum

278 531 431 575 seges,
470 515 634 573 quibus
677 512 943 571 Aeschines,
982 516 1295 570 Antisthenes,
1335 515 1512 572 Cebes,

278 595 564 651 Aristippus,
595 594 785 651 aliique,
828 593 1020 639 Socratis
1055 594 1185 640 vitam
1222 593 1529 650 disciplinam-⁸

280 685 368 731 que
399 674 703 727 illustrarunt,
745 674 848 718 haee
886 682 1007 727 tota,
1049 683 1384 728 quantacunque
1419 678 1519 727 est,

276 750 511 799 intercidit.
580 748 772 797 Constat
809 747 967 807 quanta
1003 749 1214 795 felicitate
1242 762 1293 794 ex
1326 761 1379 793 eo
1411 757 1520 793 tem·

273 838 416 884 pore,
446 823 576 871 variis
613 825 774 880 sectis,
814 821 1123 883 Philosophiae
1160 826 1388 871 effloruerit
1425 834 1521 870 stu-

273 904 429 957 dium,
461 903 751 958 Academica,
780 902 1089 959 peripatetica,
1111 902 1312 961 Cynica,
1341 902 1518 958 Stoica,

279 975 510 1035 Epicurea.
569 978 714 1033 Atque
744 989 796 1022 ex
845 977 1073 1022 Academia
1116 985 1159 1022 et
1201 978 1351 1035 Lyceo
1384 979 1517 1034 quid,

286 1063 477 1112 quaeso,
507 1054 713 1098 habemus
749 1062 916 1111 praeter
947 1054 1142 1099 Platonis
1166 1055 1365 1112 et‘pauca
1391 1069 1520 1112 quae·

282 1128 378 1177 dam
399 1130 658 1176 Aristotelis
682 1130 883 1187 scripta?
925 1131 1013 1176 Ubi
1040 1130 1402 1190 Theophrastus,
1424 1132 1523 1177 Ari·

284 1219 525 1263 stoxcnus,
557 1207 876 1265 Dicaearchus,
907 1208 1183 1255 Clearchus?
1240 1209 1330 1255 Ubi
1353 1211 1425 1256 illa
1447 1215 1522 1256 vei

279 1297 388 1343 tus,
418 1288 584 1341 media,
614 1295 657 1331 et
681 1288 793 1333 nova
816 1289 1079 1335 Academia?
1137 1291 1292 1336 Omnia
1320 1291 1519 1339 Philoso-

282 1366 469 1422 phorum
505 1376 648 1419 usque
679 1364 732 1409 ad
771 1365 997 1411 Ciceronis
1032 1377 1206 1412 aetatem
1241 1368 1399 1426 scripta
1423 1369 1523 1425 qui·

283 1441 378 1485 dam
413 1438 534 1485 velut
569 1450 716 1485 aestus
758 1441 1003 1498 intercepit.
1061 1444 1250 1489 Stoicam
1284 1446 1523 1492 doctrinam

284 1517 379 1574 eius
418 1516 638 1572 principes
674 1516 828 1570 Zeno,
869 1516 1184 1575 Chrysippus,
1224 1519 1520 1577 Posidonius,

285 1594 537 1648 Diodorus,
565 1593 792 1639 Panaetius
816 1594 1052 1640 innumeris
1075 1608 1369 1652 exposuerunt
1393 1599 1521 1642 volu·

282 1672 505 1727 minibus3
532 1684 651 1716 nuno
680 1674 775 1729 ejus
801 1673 997 1729 cognitio
1021 1686 1082 1720 ex2
1098 1674 1286 1728 Seneca,
1318 1675 1522 1731 Epicteto

283 1760 327 1795 et
359 1750 513 1795 Marco
546 1750 773 1795 Antonino
812 1762 877 1795 est
912 1751 1170 1807 haurienda,
1213 1753 1290 1808 qui
1320 1766 1398 1800 nec
1433 1754 1522 1813 ipsi

194 1882 197 1886 Ι
279 1827 441 1884 integri
475 1828 527 1870 ad
562 1839 644 1870 nos
679 1836 988 1883 pervenerunt,
1019 1840 1097 1872 nec
1130 1828 1299 1873 Stoicae
1319 1829 1523 1883 Philoso-

281 1905 410 1961 phiae
451 1905 691 1948 absolutam
738 1904 1074 1958 descriptionem
1112 1905 1405 1961 tradiderunt,
1446 1906 1523 1951 sed

282 1981 484 2039 primaria
504 1991 668 2025 tantum
692 1982 895 2038 quaedam
914 1982 1054 2039 capita
1076 1983 1362 2039 explicarunt.
1416 1970 1524 2042 Episs

286 2069 439 2102 curum
483 2058 626 2112 ipsum
642 2088 659 2110 ,
699 2056 802 2111 quis
840 2058 1009 2112 nescit,
1054 2057 1264 2103 infinitam
1309 2042 1519 2104 librorum

285 2136 373 2181 vim
392 2128 746 2191 conscripsisse?
788 2133 919 2180 Hunc
941 2135 1162 2180 imitantes
1183 2135 1392 2192 discipuli
1414 2137 1520 2182 adeo

284 2213 429 2258 omnia
453 2213 631 2269 scriptis
664 2213 965 2269 repleverunt,
994 2225 1046 2258 ut
1073 2214 1128 2259 de
1156 2213 1250 2272 eius
1284 2215 1412 2258 molis
1435 2227 1525 2259 ma.

284 2293 509 2350 gnitudine
532 2291 717 2349 graviter
744 2302 987 2348 quereretur
1011 2292 1185 2341 Cicero.
1243 2293 1407 2350 Atiam
1438 2305 1521 2338 sno

283 2382 479 2426 tempore
511 2383 599 2415 eam
629 2381 853 2427 tantopere
884 2372 1155 2418 imminutam
1179 2371 1319 2417 fuisse
1340 2382 1521 2418 testatur

279 2449 481 2509 Julianus
508 2448 746 2506 Imperator
764 2482 782 2505 ,
804 2460 861 2517 vnt
881 2449 970 2496 fere
990 2460 1082 2496 tota
1107 2451 1335 2499 evanuisse
1363 2451 1524 2495 videre-

1433 2537 1518 2573 tur.
