1624 3016
263 169 356 223 ις,
417 147 657 208 omno
684 154 767 203 nn·
794 154 1026 204 Pinnos·
1058 155 1336 206 ιΑσοΑτ.

265 287 374 333 triae
393 287 568 337 Patres,
596 292 732 336 quum
759 289 862 335 post
884 278 1231 335 Hemstethusii,
1261 280 1419 326 nummi
1441 276 1509 324 vi-

267 365 337 415 ri,
374 361 627 410 decessum,
667 355 803 412 longo
841 355 1064 398 intervallo
1099 357 1271 401 eandem
1311 356 1509 413 discipli-

269 449 366 483 nam
402 436 446 480 in
478 435 684 479 Vestrum
715 432 982 477 Athenaeum
1023 426 1354 487 revocaveritis,
1383 434 1510 489 eique

272 527 340 561 me
366 510 688 571 praefeceritis,
718 506 850 555 variis
884 495 1079 564 undique
1108 507 1326 553 sollicitor
1359 511 1507 564 cutm

271 593 366 639 sive
386 590 585 636 Vestram
617 596 807 645 spectem
838 587 1136 633 auctoritatem
1154 618 1170 642 ,
1199 585 1292 630 sive
1315 585 1512 642 discipli-

271 674 352 718 nae
387 668 667 727 gravitatem,
700 665 793 711 sive
820 678 950 710 meam
983 665 1251 710 tenuitatem.
1308 662 1514 720 Magnam

271 761 317 798 et
356 761 526 805 sernper
565 746 750 803 habuit,
793 757 835 791 et
873 745 1087 801 hodieque
1122 745 1279 802 habet,
1332 745 1519 792 Senatus

273 825 688 876 Amstelodamensis
736 822 914 868 virtutis
962 821 1286 879 sapientiaeque
1334 821 1516 867 famant

273 915 419 960 neque
450 914 540 946 eam
578 898 795 945 Foederati
818 897 952 954 Belgii
983 896 1143 942 finibus
1175 898 1409 952 inclusam,
1444 906 1520 943 aut

273 980 481 1035 Europae
501 977 698 1023 terminis
731 973 1103 1030 circumscriptam
1123 1005 1139 1028 ,
1172 975 1244 1019 sed
1274 988 1352 1032 per
1375 964 1519 1020 totum

275 1067 483 1103 terrarum
520 1054 665 1100 orbem
698 1054 827 1108 longe
866 1053 1034 1107 lateque
1066 1050 1289 1098 diffusam}
1342 1052 1522 1141 Quare,

275 1132 442 1180 Patriae
470 1130 646 1184 Patres,
677 1128 716 1173 si
740 1138 1044 1184 quamcunque
1077 1128 1202 1175 allam
1228 1128 1335 1174 mihi
1357 1118 1527 1190 deman·

279 1209 464 1256 dassetis
498 1208 797 1266 provinciam,
828 1207 1008 1254 debebat
1041 1220 1089 1253 ea
1118 1208 1224 1254 mihi
1256 1208 1401 1266 gravis
1429 1222 1530 1257 sau·

277 1296 440 1343 ctaque
481 1298 575 1331 esse
622 1283 771 1330 Vestri
825 1285 977 1344 iudicii
1033 1286 1308 1331 auctoritate.
1391 1286 1526 1332 Nunc

279 1364 390 1411 mihi
432 1362 707 1420 disciplinam
756 1362 994 1407 tradidistis
1039 1361 1375 1420 Philosophiae,
1421 1372 1531 1417 quae

282 1457 353 1496 est
382 1446 577 1492 veritatis
601 1444 868 1501 virtutisque
889 1440 1122 1499 magistra,
1151 1442 1198 1487 in
1219 1443 1345 1500 cuius
1371 1438 1532 1487 sancti·

283 1540 375 1577 tate
394 1534 436 1571 et
470 1522 766 1579 magnitudine
801 1521 1127 1566 commentanda
1154 1519 1265 1563 hanc
1290 1505 1430 1576 ipsam
1452 1519 1534 1562 ho-

283 1620 374 1655 ram
417 1600 760 1654 consumsimus.
829 1596 1041 1653 Equidem
1087 1608 1187 1641 cum
1233 1604 1323 1640 non
1362 1594 1532 1651 possim

287 1679 418 1735 officii
440 1681 524 1726 mei
547 1677 826 1736 reilgionem,
857 1686 908 1720 ut
931 1676 1075 1721 animo
1107 1671 1333 1731 percipio,
1363 1673 1421 1717 ita
1443 1685 1537 1717 ora-

285 1765 411 1810 tione
442 1760 585 1806 Vobis
621 1758 862 1814 explicare,
890 1764 1071 1800 mentem
1109 1767 1250 1809 meam,
1284 1754 1354 1798 his
1386 1753 1540 1810 paucis

299 1840 447 1887 verbis
474 1837 758 1892 complectar:
819 1833 883 1878 Ita
912 1834 1045 1887 mibi,
1074 1834 1127 1878 ad
1150 1830 1236 1877 hoc
1259 1843 1420 1876 munus
1438 1816 1542 1884 obe·-

287 1916 457 1963 undum
498 1914 612 1958 vires
648 1912 853 1968 largiatur
882 1911 1001 1955 Dens
1039 1910 1247 1966 Optimus
1288 1897 1541 1964 Maximus,

287 2006 346 2040 ut
382 2005 482 2038 eum
504 1990 628 2034 enixe
661 2001 774 2043 or0,
803 1987 910 2031 velit
946 1986 1072 2040 Vos,
1101 1986 1264 2030 Patriae
1287 1986 1466 2039 Patres,
1494 1984 1543 2029 iu

292 2075 429 2132 hujus
457 2071 648 2117 civitatis
683 2080 726 2113 et
757 2068 1006 2112 communis
1038 2067 1216 2113 Patriae
1228 2067 1409 2145 salutem
1445 2062 1542 2107 diu-

292 2151 465 2200 tissime
493 2162 659 2195 servare
688 2146 953 2192 incolumes!

308 2229 496 2274 Vobis
533 2240 664 2282 vero,
706 2225 949 2271 Clarissimi
985 2223 1114 2278 Viri,
1155 2235 1269 2279 qnos
1305 2234 1422 2266 nunc
1458 2218 1547 2276 pri·

296 2318 415 2352 mum
453 2305 657 2360 collegas
691 2303 866 2356 saluto,
910 2302 1073 2358 quibus
1112 2301 1259 2345 -verbis
1291 2298 1422 2344 animi
1461 2290 1546 2340 mei

297 2381 456 2429 sensus
491 2379 768 2437 significem?
827 2380 1003 2424 Dudum
1042 2389 1109 2424 est
1141 2378 1262 2433 quod
1292 2378 1448 2420 Vestra
1479 2387 1549 2419 me

311 2459 510 2506 doctrina
544 2458 791 2514 Vestraque
818 2457 957 2502 virtus
989 2456 1043 2500 ad
1069 2455 1165 2500 Vos
1202 2452 1409 2499 colendos
1442 2462 1549 2493 con·

820 2549 822 2551 ’
1451 2536 1549 2569 ver·
