1624 3016
323 192 504 252 vira
550 205 611 254 n.
662 203 1107 252 RUHNKENH.
1241 214 1337 262 ⁷2⁷

93 339 323 390 patuerunt
337 362 353 386 ‚
379 343 484 377 suos
508 322 704 386 quosque
724 329 770 375 in
791 329 920 374 ‘locos
943 328 1322 387 digestas‚1egen-

91 407 201 451 tium
221 406 462 462 cognitioni
481 405 777 462 subjiciamuS.
880 410 882 413 '
904 405 906 407 ’

147 484 214 529 Ac
229 485 412 540 p'rimum
434 479 603 539 quidem
614 478 939 539 'intelligendae
956 492 998 527 et
1016 485 1289 542 cogitativus&
1301 515 1330 539 ‚⁴

90 574 183 623 quo
208 560 567 612 nomine'omnem
601 562 890 620 cognoscendi
914 561 1160 606 facultatem
1185 562 1323 617 signi.

92 646 300 700 ficamus,
338 643 570 688 naturalem
607 640 758 685 habuit
786 638 1062 683 facilitatemz
1105 652 1213 693 quae
1239 639 1326 694 ipsi

92 713 305 774 facilitaa,
337 730 386 764 ut
406 716 661 772 reliquarum
693 714 1000 771 intelligentiae
1031 713 1319 768 facultatum,

93 799 155 842 ita
186 796 315 843 animi
348 799 499 844 dotum
534 807 816 849 morumque,
849 793 949 838 fons
973 793 1059 838 fuit
1080 806 1129 837 ac
1163 793 1327 849 princi·

93 879 232 935 pium.
292 878 452 923 Sensus
487 874 684 931 corporis
710 883 827 918 erant
849 874 1073 927 valentes,
1103 886 1201 917 cum
1230 873 1331 917 neli-

96 957 202 1013 qui,
230 966 323 1001 tum
361 953 605 1000 doctissimi
645 953 741 1006 illi,
782 951 906 995 visus
941 959 985 995 et
1021 951 1227 1006 auditus,
1269 951 1330 1010 ita

96 1045 244 1087 acres,
275 1042 325 1077 ut
362 1042 404 1076 et
439 1032 700 1087 longinquas
740 1041 807 1074 rea
843 1041 997 1084 magno
1028 1041 1079 1072 ex
1101 1021 1328 1074 intervallo

96 1110 391 1167 perciperent,
433 1117 476 1152 et
506 1107 773 1163 propinquas
795 1106 1021 1149 'continuo
1059 1117 1147 1148 non
1182 1106 1329 1149 solum

95 1186 247 1241 plene,
278 1183 353 1228 sed
375 1183 500 1226 etiam
526 1174 785 1225 articulatim
811 1179 1121 1240 distincteque,
1142 1181 1332 1235 comple·

95 1270 327 1306 cterentur.
359 1258 607 1313 Utrumque
626 1257 678 1302 ad
695 1257 941 1313 elegantiam
959 1256 1209 1301 adolescens
1231 1268 1334 1300 acu·

99 1346 213 1392 erat,
244 1339 425 1381 alterum
449 1335 675 1388 Musices,
705 1334 882 1379 alterum
908 1334 1148 1390 Graphices
1177 1343 1333 1378 tracta·

98 1415 232 1462 tione.
289 1415 457 1460 Horum
490 1415 620 1459 aciem
656 1402 861 1459 senauum
891 1415 1005 1458 haud
1042 1411 1127 1462 fere
1159 1424 1335 1477 externa

99 1506 167 1538 rea
192 1492 410 1550 fugiebat:
443 1502 484 1537 et
512 1493 666 1538 mentis
691 1505 738 1537 m
764 1501 853 1540 etat
875 1489 1073 1548 agilitas,
1105 1501 1153 1536 ut
1171 1491 1225 1537 iia
1244 1502 1336 1538 ata·

98 1572 175 1616 tim
208 1579 477 1624 moveretur,
508 1570 684 1625 vimque
712 1566 832 1615 suam
870 1569 1061 1615 vicissim
1088 1571 1133 1616 in
1166 1583 1237 1615 eaa
1269 1571 1334 1616 in·

97 1646 318 1702 tenderet,
350 1658 580 1701 earumque
603 1645 811 1702 imagines
832 1632 904 1694 'in'
933 1659 1002 1700 se,
1036 1646 1171 1690 veluti
1198 1646 1243 1692 in
1265 1660 1335 1691 ce·

99 1735 177 1776 ra,
207 1734 427 1778 expressas
466 1722 725 1778 susciperet.
797 1722 925 1767 Unde
955 1722 1187 1769 exsistebat
1217 1725 1339 1769 doci.

102 1804 200 1848 litas
224 1811 265 1846 et
290 1801 483 1846 celeritas
508 1802 560 1845 ad
586 1801 868 1857 arripiendum
883 1832 899 1856 ,
914 1801 1127 1859 capacitas
1156 1803 1207 1846 ad
1226 1804 1338 1848 mul·

101 1879 327 1926 titudinem
352 1891 492 1925 rerum
520 1862 951 1935 comprehendendam
969 1911 985 1934 ‚
999 1879 1103 1924 fides
1116 1882 1166 1924 ad
1187 1891 1336 1926 custo-

102 1957 195 2000 diae
217 1955 554 2001 diuturnitatem.
591 1949 991 2015 ,Paucos‘cognovi
1007 1956 1204 2000 homines
1219 1989 1235 2012 ,
1258 1959 1336 2013 qui

101 2043 217 2078 tanta
250 2031 449 2078 memoria
483 2033 688 2076 valerent.
742 2028 1015 2095 Quamquam
1047 2033 1177 2094 hujus
1198 2032 1338 2079 felici·

103 2111 206 2156 tatis
228 2107 454 2154 adhibebat
478 2107 742 2163 praecipuam
766 2106 1011 2163 adiutricem
1026 2138 1043 2162 ,
1075 2109 1182 2153 lecta
1205 2110 1339 2153 anim·

101 2189 362 2240 adversaque
372 2183 606 2228 annotandi
629 2186 671 2226 et
694 2182 739 2226 in
755 2183 992 2227 adversaria
1017 2183 1221 2230 referendi
1233 2198 1338 2245 con·

101 2263 384 2310 suetudinem.
444 2261 527 2305 Sed
560 2272 602 2304 et
633 2261 805 2304 aliarum
838 2244 1003 2317 rerum,
1043 2265 1204 2318 quibus
1236 2267 1335 2312 nul.

102 2344 143 2388 la
174 2341 398 2386 adhibetur
431 2339 684 2393 annotatio,
717 2350 841 2386 tenax
859 2349 947 2385 erat
973 2342 1200 2399 memoria,
1233 2359 1332 2406 cum

102 2421 312 2479 legendo,
357 2429 448 2463 tum
482 2419 693 2463 audiendo
728 2428 1015 2475 acceptarum.
1074 2420 1222 2466 Veluti
1253 2407 1337 2469 Hi.

105 2498 280 2544 storiam
305 2497 363 2540 rei
388 2497 586 2557 pubIIcae
610 2496 820 2551 Batavae,
852 2510 1106 2553 quamquam
1138 2512 1227 2544 non
1251 2512 1337 2545 tra-

107 2572 231 2620 debat
254 2572 301 2618 in
324 2572 485 2618 scholis
499 2603 515 2628 ,
546 2582 684 2618 tamen
701 2604 718 2628 ,
749 2574 864 2617 haud
886 2587 1011 2620 secus
1033 2586 1160 2632 atque
1182 2577 1336 2633 Histo-

734 2649 772 2695 Z
786 2663 811 2694 z
840 2663 870 2706 4
1233 2656 1339 2703 riam
