1624 3016
236 126 599 190 armenem
632 128 988 179 MORALIUM.
1017 132 1122 182 Vol.
1142 133 1181 182 1.
1237 139 1342 194 423‘

93 255 212 304 Sunt
244 257 349 304 sdeo
380 254 458 311 qui
488 256 662 301 nomina
699 255 746 303 in
781 257 1064 303 memorandis
1089 258 1340 318 δαέραὼ

97 344 293 389 taceant,
324 334 369 381 in
391 334 605 379 erroribus
636 335 851 391 prodant,
883 343 933 379 ut
953 335 1135 380 habeant
1159 336 1212 382 de
1234 346 1328 393 qno

97 411 380 467 triumphent.
441 409 681 456 Pessimum
710 423 880 467 genus,
910 420 958 454 ut
988 411 1148 467 ingenii
1169 410 1333 456 doctri·

96 503 260 546 uaeque
280 492 482 548 penuria,
516 492 576 536 ite
595 491 799 537 vanitatis
820 499 863 534 et
883 490 1173 546 impudentiae
1188 491 1330 535 ebun-

97 569 266 614 dantia:
302 580 415 624 quos
435 569 548 614 haud
570 578 722 613 temere
745 566 845 622 quis
869 576 1085 625 pauperes
1106 567 1156 610 in
1175 566 1333 611 litera-

96 654 148 690 ta
175 649 359 692 civitate
376 646 508 703 sum
537 643 741 700 appellet.
801 641 1037 688 Enimvero
1070 653 1157 697 qus
1188 644 1338 686 mode-

95 723 180 768 stia
219 732 421 778 posteros
457 720 506 765 in
552 729 704 765 nostro
747 730 876 776 opere
909 718 1069 770 versari
1101 728 1333 774 optemus,

94 801 238 846 eadem
271 799 317 859 in
348 798 543 854 priorum
566 796 777 853 operibus
804 795 889 854 ipsi
920 796 1081 841 versari
1107 796 1331 842 debemus.

98 876 194 929 At,
224 873 302 931 qui
332 885 422 934 non
455 884 584 917 suum
617 882 662 916 et
697 872 921 929 proprium
952 886 1066 929 opus
1077 864 1106 927 ,’
1125 874 1202 919 sed
1232 873 1336 918 slie-

99 962 206 998 num
223 962 272 995 ac
297 947 541 1007 surreptum
563 949 793 1005 relinquit,
823 949 939 995 illam
954 950 1222 1007 posteritatis
1240 951 1340 996 vin-

98 1029 257 1075 dictam
290 1040 381 1073 non
419 1037 604 1073 veretur.
677 1027 893 1083 Equidem
922 1022 1343 1085 priorum,⁸Editio-

99 1119 203 1163 nes„
242 1106 503 1161 versiones,
545 1108 879 1163 annotationes,
909 1121 1019 1166 quse
1054 1108 1226 1166 quidem
1264 1110 1342 1155 hs·

103 1182 215 1239 bui,
246 1196 295 1228 es
313 1196 400 1239 qus
419 1184 506 1229 dixi
525 1214 542 1238 ‚
567 1182 775 1229 modestia
797 1185 976 1231 tractavi
991 1199 1007 1232 ε
1034 1195 1076 1232 et
1100 1198 1211 1241 ques
1231 1198 1345 1231 non·

100 1262 204 1308 dum
230 1261 453 1316 haberem,
482 1270 534 1305 nt
559 1260 831 1306 nanciscerer
854 1274 1026 1319 opernm
1047 1263 1162 1308 dedi.
1224 1262 1342 1309 Nam

105 1351 242 1396 quum
287 1339 386 1385 alia-
413 1338 590 1384 editoris
625 1339 762 1385 officis
797 1339 1079 1396 probabiliter
1105 1341 1348 1397 explevisse

95 1417 213 1471 ‚mihi
257 1416 452 1472 viderer,
491 1415 617 1461 nolui
650 1416 735 1461 hoc
783 1428 918 1461 unum
962 1417 1191 1474 negligere.
1263 1417 1349 1463 sed

102 1507 240 1552 quum
273 1495 582 1553 intelligerem,
615 1494 766 1539 multis
800 1494 907 1540 'mihi
936 1508 989 1543 ex
1022 1495 1103 1540 illo
1125 1506 1275 1552 genere
1295 1493 1350 1558 li·

97 1574 192 1619 bris
226 1574 453 1619 csrendum
491 1571 616 1628 fore3
660 1584 713 1617 eo
753 1573 889 1631 msgis
914 1576 1097 1629 :operam
1127 1571 1257 1627 dedi,
1295 1582 1348 1616 ut

102 1652 320 1712 plurimos
357 1652 637 1708 optimosque
660 1639 835 1695 codices
865 1651 1055 1706 scriptos
1087 1658 1209 1695 entes
1237 1662 1352 1695 non·

106 1733 212 1777 dum
236 1728 455 1774 adhibitos
480 1729 527 1775 in
549 1740 675 1772 usum
703 1734 990 1773 converterem
1017 1739 1175 1772 meum.
1212 1726 1351 1773 Cum-

107 1822 193 1865 que
226 1808 326 1852 item
371 1805 685 1862 intelligerem,
733 1815 873 1861 neque
909 1804 1111 1849 codicum
1162 1818 1352 1860 quorum

108 1886 259 1931 vellem
282 1882 474 1928 omnium
497 1882 668 1939 copism
696 1881 803 1926 mihi
826 1880 1047 1935 suturam,
1077 1875 1219 1937 neque
1243 1895 1357 1936 quae

107 1963 384 2009 desiderarem
411 1961 554 2006 omnis
573 1973 623 2005 ex
641 1960 872 2005 codicibus
896 1961 981 2015 peti
1007 1974 1165 2015 posse;
1191 1974 1243 2004 eo
1264 1975 1354 2006 ma·

106 2041 242 2100 §orem
271 2049 447 2091 curam,
479 2036 765 2091 industriam,
795 2037 1086 2080 assiduitatem
1124 2036 1170 2079 in
1198 2050 1251 2081 eo
1275 2050 1356 2094 po-

109 2117 210 2170 sui,
251 2124 304 2159 ut
332 2114 658 2159 Emendationis
694 2124 825 2169 utque
862 2112 1235 2169 Interpretstionis
1278 2129 1357 2159 co·

112 2193 212 2249 pias
239 2203 334 2234 meo
357 2190 450 2246 ipse
475 2202 763 2244 consequerer
788 2202 836 2234 ac
863 2191 1166 2244 locupletarem
1190 2194 1355 2240 studio.

114 2268 217 2325 Quo
244 2268 415 2323 quidem
447 2267 593 2311 studio
620 2279 685 2310 me
707 2267 871 2322 aliquid
894 2266 1162 2322 profecisse,
1183 2269 1360 2314 affirma·

113 2358 159 2391 re
193 2346 287 2402 ipse
313 2361 400 2391 non
436 2346 620 2391 dubito:
664 2356 879 2402 quantum
919 2348 1201 2403 prosecerim,
1239 2349 1362 2395 docti

117 2422 300 2466 lectores
330 2423 608 2479 judicabunt.

170 2499 270 2546 Hoc
300 2510 366 2546 tot
386 2513 598 2547 annorum
623 2513 737 2557 opus
765 2500 938 2554 quando
965 2501 1050 2559 jam
1077 2513 1129 2546 eo
1154 2501 1367 2557 perduxi,

751 2579 830 2623 Ee
1313 2590 1366 2627 m
