1624 3016
293 209 374 254 132
477 189 819 240 PRAEFATIO
847 187 1059 251 PARfrls
1091 190 1319 238 PmMAz

287 317 393 364 viris
426 314 636 372 egregiis,
666 312 744 368 qui
780 324 869 358 eam
906 311 1100 359 factitent
1125 324 1168 359 et
1205 314 1486 369 profiteantur
1499 320 1521 363 ε’

285 396 363 440 aed
388 395 483 449 ipsa
506 402 685 447 quoque
711 402 781 434 ara
802 389 935 435 vetuti
962 389 1006 454 in
1039 390 1180 436 lucem
1201 392 1373 448 prodire
1394 393 1518 439 debet

285 484 328 516 et
351 484 500 517 vocem
525 471 671 517 efferre
689 481 806 515 suam
821 500 839 523 ,
872 481 985 524 qua,
1013 478 1055 512 et
1078 465 1288 512 artificum
1314 480 1441 524 opera
1461 468 1516 513 ad

281 551 501 608 publicam
543 549 741 596 notitiam
782 547 1080 599 celebrentur,
1109 553 1151 588 et
1175 544 1356 589 aliorum
1391 556 1516 590 aure·

278 638 549 688 personent,
580 627 833 683 ingeniaque
853 627 907 670 ad
936 617 1120 683 ejusdem
1155 624 1298 670 laudis
1320 622 1517 669 studium

282 705 538 751 excitentur.
595 703 804 749 Videmus
837 702 1033 759 quotidie
1056 702 1247 747 literulaa
1271 701 1393 756 illas,
1417 701 1514 757 qui·

281 781 369 827 bus
402 780 539 826 inanis
574 793 623 825 ae
658 781 802 825 brevis
835 782 1036 836 voluptas
1069 779 1295 836 proposita
1321 788 1418 834 eat,
1453 778 1516 825 ita

277 871 330 906 ae
349 858 397 904 in
429 857 592 914 vulgus
613 858 799 915 jactare,
830 866 878 899 ut
912 867 1055 899 earum
1086 854 1415 910 scriptiunculis
1448 863 1517 900 at·

278 946 367 991 que
396 932 541 979 diariis
564 932 741 977 aiiarum
766 930 1057 976 doctrinarum
1093 931 1235 975 studia
1254 931 1512 977 absorbean-

276 1011 379 1056 tur!
437 1010 559 1068 Quin
593 1009 727 1066 igitur
757 1008 853 1053 illae
876 1007 1070 1062 litterae,
1100 1019 1208 1063 quae
1227 1018 1389 1054 eertum
1413 1022 1510 1067 per·

274 1100 612 1144 mansurumque
636 1086 796 1145 ingenii
829 1076 1021 1131 fructum
1057 1072 1230 1142 ferunt,
1257 1076 1427 1133 tandem
1456 1099 1511 1133 ex

275 1166 430 1211 umbra
473 1174 729 1221 erumpant,
770 1176 848 1208 aua
893 1163 1005 1208 bona
1034 1163 1080 1208 in
1115 1165 1213 1209 luce
1242 1173 1409 1221 ponant
1445 1173 1515 1209 at-

270 1229 365 1298 'que
395 1242 640 1298 explicent,
669 1241 953 1296 hominesque
981 1253 1008 1286 a
1043 1241 1336 1298 cognoscendi
1356 1242 1513 1288 levita·

274 1329 319 1364 te
346 1320 399 1364 ad
430 1329 650 1364 accuratae
686 1318 905 1363 doctrinae
930 1318 1118 1362 studium
1153 1317 1390 1363 revocent?
1420 1318 1509 1363 At·

273 1410 362 1454 que
384 1398 436 1442 ad
460 1397 579 1441 istud
607 1408 721 1453 opua
741 1407 825 1442 noa
850 1395 1006 1441 litteris
1031 1395 1101 1439 his
1123 1407 1291 1439 omnem
1314 1405 1509 1440 nostram

277 1486 427 1524 curam
448 1504 466 1529 ,
506 1473 799 1530 diligentiam,
833 1471 1118 1526 industriam,
1157 1471 1298 1517 ditare
1329 1481 1372 1516 et
1403 1481 1513 1517 eon-

270 1560 436 1595 secrare
475 1550 740 1606 profitemur.
806 1549 908 1608 Qua
953 1549 1126 1604 quidem
1163 1548 1211 1592 in
1245 1560 1288 1592 re
1325 1548 1508 1605 gratiam

273 1638 358 1672 nos
381 1626 567 1671 inituros
594 1638 844 1682 speramus,
870 1637 961 1670 non
982 1625 1127 1670 solum
1146 1624 1266 1680 apud
1280 1623 1507 1671 studiosos

272 1704 423 1749 harum
454 1704 718 1756 litterarum,
759 1704 835 1747 sed
863 1703 980 1758 apud
1012 1703 1254 1748 universam
1286 1701 1410 1746 etiam
1442 1700 1510 1745 ci-

269 1782 448 1827 vitatem
484 1782 721 1833 eruditam,
749 1780 877 1836 cujus
910 1780 1082 1824 sanitati
1105 1779 1404 1831 consulimus,
1432 1790 1507 1822 ea-

268 1859 446 1912 vendo,
491 1858 780 1912 quantumin
824 1855 954 1901 nobis
996 1867 1092 1910 eat,
1141 1869 1202 1901 ne·
1235 1859 1330 1912 ejus
1377 1855 1505 1911 quasi

267 1936 384 1989 flos,
422 1939 599 1989 antiqua
634 1944 871 1988 venustas,
909 1934 1085 1989 penitus
1127 1942 1357 1979 exarescat.
1415 1932 1504 1978 Ra-

269 2013 332 2057 tio
368 2011 512 2066 operis
549 2013 648 2055 haec
680 2019 779 2065 eat,
806 2020 884 2064 ut,
923 2011 976 2053 ad
1012 2010 1253 2063 exemplum
1287 2009 1420 2067 hujus
1451 2010 1507 2055 li-

267 2087 371 2132 belli
390 2118 410 2142 ,
448 2088 520 2132 aiii
556 2088 742 2132 subinde
773 2089 993 2140 edantur,·
1020 2086 1064 2131 in
1104 2086 1263 2141 quibus
1300 2085 1514 2130 referatur-

265 2167 319 2211 de
353 2165 480 2210 novis
513 2166 636 2210 libris
672 2179 725 2210 ex
754 2165 908 2209 litteris
940 2164 1179 2217 Romania,
1211 2162 1420 2218 Graecis,
1458 2173 1504 2208 et

266 2244 585 2299 Orientalibus,
626 2235 678 2290 ut
721 2254 964 2299 vocantur,
1002 2255 1045 2289 et
1082 2247 1129 2289 in
1163 2245 1310 2289 eodem
1351 2256 1504 2300 genere

253 2323 446 2377 ‚ineditae
472 2323 789 2376 disputationes
818 2308 990 2379 saepius
1030 2322 1314 2379 adficimur„
1353 2323 1504 2376 Atque

263 2397 374 2455 hanc
423 2411 504 2443 nos
547 2399 830 2453 provinciam·
861 2412 912 2456 ex
960 2398 1188 2443 hominum
1235 2397 1501 2443 eruditorum
1589 2454 1596 2464 .

268 2474 475 2533 sententia
520 2475 892 2521 administraturus
935 2488 1028 2520 esse
1047 2506 1068 2537 ‚
1107 2476 1187 2521 hac
1228 2473 1408 2520 maxime
1444 2474 1503 2518 de

1367 2564 1497 2600 caua-
