1624 3016
339 148 852 214 ''⁴‘mssL10TflEcAE
883 164 1193 217 carucae.
1330 177 1409 228 1³3

174 301 335 336 caussa
352 291 644 346 confidimus,
676 292 795 347 quod
827 292 909 337 viri
942 302 1200 349 praestantes
1235 292 1408 349 ingenio
1479 308 1483 315 ·

181 371 460 427 doctrinaque
502 383 673 429 operam
717 373 846 418 nobis
894 386 1012 418 suam
1060 375 1245 431 polliciti
1283 365 1405 420 santi

179 447 404 503 Spatium,
430 451 484 494 ‘in
515 464 604 505 quo
637 463 883 505 versemur,
925 459 1090 494 tantum
1126 453 1235 506 erit,
1274 462 1426 508 quand·-

176 532 270 568 tum
302 524 489 585 Critices
523 528 592 581 vis
624 534 755 579 atque
778 520 966 580 potestas
995 535 1136 579 patet:
1173 538 1282 579 quae
1313 525 1415 579 qul-

176 603 303 657 dem,
334 609 509 648 auctore
544 601 906 656 Hemsterhusio,
942 613 1092 646 omnes
1132 587 1411 646 humanitatis·

173 676 426 733 disciplinas
464 677 797 732 complectitur,
841 688 885 721 et
924 679 970 722 in
1018 675 1123 723 alias
1164 677 1412 734 frequenter

171 757 398 812 egreditur.
464 755 614 811 Atque
646 755 731 798 hoc
769 756 957 811 spatium
990 766 1079 797 non
1117 754 1174 798 ita
1210 755 1410 811 antiqua·

164 843 264 875 rum
298 831 535 877 litterarum
570 831 775 877 cancellis
805 830 1261 886 circumscripsimus,
1293 833 1404 887 quin

166 920 244 965 per
275 909 507 955 recentiora
541 922 718 967 quoque
754 910 897 955 studia
933 921 1163 966 vagemur,
1205 910 1403 964 scriptis·

169 997 254 1041 que
277 998 325 1031 ac
351 985 474 1031 libris
497 986 700 1031 omnibus
727 987 872 1031 locum
907 986 1087 1040 demus,
1118 986 1193 1040 qui
1227 986 1403 1040 quidem

164 1062 347 1119 aliquam
397 1077 495 1109 cum
540 1063 756 1108 doctrinae
800 1063 1004 1121 elegantia
1046 1062 1401 1120 conjunctionem

161 1140 313 1184 habere
333 1141 575 1185 videantur.
608 1140 660 1185 In
686 1142 761 1185 hac
784 1141 908 1197 copia
934 1155 957 1184 a
980 1141 1181 1186 varietate
1206 1153 1294 1185 non
1319 1141 1400 1183 erit

160 1218 281 1272 quod
327 1216 428 1261 huic
477 1206 597 1273 operi
643 1218 815 1262 aliunde
870 1218 1129 1263 lenocinium
1181 1228 1395 1274 petamus.

155 1294 473 1340 Praestabimus
498 1307 588 1340 eam
621 1297 873 1345 suavitatem
895 1326 912 1350 ,
943 1308 1068 1351 quam
1098 1295 1213 1351 ipsae
1233 1296 1410 1360 litterae

153 1380 312 1428 sponte
336 1371 509 1426 ferunt,
540 1371 674 1427 magis
708 1382 919 1416 austeram
954 1383 995 1416 et
1021 1371 1229 1424 solidam,
1260 1385 1391 1428 quam
1450 1368 1554 1444 Χ

152 1450 318 1493 dulcem
345 1459 475 1504 atque
498 1448 735 1493 decoctam.
774 1448 1000 1513 Ceterum
1038 1461 1217 1494 censura
1238 1459 1391 1494 nostra
1559 1457 1570 1502 l

147 1528 329 1574 maxime
345 1527 630 1585 occupabitur
647 1527 720 1572 in
709 1526 764 1572 iis
781 1527 906 1572 libris
921 1558 937 1582 ,
968 1526 1128 1583 quibus
1148 1525 1215 1571 vel
1236 1537 1387 1571 aucto-

147 1606 207 1653 ris
227 1638 243 1662 ,
282 1607 350 1653 vel
382 1605 561 1653 editoris
602 1614 645 1650 et
676 1604 951 1662 interpretis,
998 1604 1067 1650 vel
1106 1603 1386 1661 argumenti,

142 1683 428 1742 praestantia,
471 1693 735 1728 momentum
768 1682 948 1739 aliquod
980 1682 1128 1750 addit5
1160 1682 1213 1726 de
1241 1682 1385 1738 iisque

142 1754 338 1807 accurate
362 1760 406 1805 iu
437 1769 659 1817 utramque
695 1769 855 1816 partem
892 1771 1180 1816 exponemuS,
1213 1758 1298 1812 ita,
1330 1767 1382 1802 ut

142 1840 188 1885 in
227 1837 491 1885 celebrandis
534 1838 799 1893 virtutibus,
838 1847 880 1882 et
920 1837 1274 1895 reprehendenlis
1308 1836 1376 1882 vi-

141 1916 241 1970 tiis,
282 1914 408 1960 unice
442 1914 660 1959 veritatem
699 1927 946 1971 sequamur.
1017 1915 1157 1974 Quam
1202 1914 1376 1971 quidem

137 1991 372 2037 libertatem
394 2004 520 2037 nemo
542 1991 652 2046 erit,
673 1992 779 2047 qui,
807 1992 1028 2048 superbiae
1050 1993 1214 2050 magis,
1245 2005 1375 2047 quam
1436 1992 1437 1996 ’

136 2067 371 2114 litterarum
406 2080 588 2122 caussa,
621 2068 831 2112 sumsisse
859 2081 942 2114 nos
969 2077 1107 2123 putet.
1169 2067 1283 2111 Nam
1309 2067 1372 2111 le-

132 2147 250 2192 vium
287 2146 509 2192 hominum
544 2157 706 2189 errores
750 2158 827 2190 nec
866 2155 1019 2190 cautos
1061 2146 1240 2189 lectores
1272 2144 1372 2190 infi-

132 2222 283 2276 ciunt,
323 2231 365 2267 et
396 2222 480 2279 ipsi
517 2235 593 2267 sua
636 2222 808 2268 levitate
848 2231 1142 2268 evanescunt:
1195 2234 1373 2279 magno-

95 2314 221 2352 ‚rum
267 2294 457 2346 viroruin
497 2314 658 2346 errores
708 2302 965 2346 auctoritate
1008 2301 1240 2357 plurimum
1286 2313 1369 2346 no·

126 2391 255 2434 cent,
285 2389 328 2424 ct
370 2379 547 2424 celerius
569 2379 736 2424 animos
769 2370 975 2436 capiunt,
1005 2389 1046 2424 et
1068 2379 1115 2425 iu
1149 2379 1206 2424 iis
1234 2379 1364 2424 altio·

123 2469 191 2504 res
217 2456 375 2503 radices
398 2467 547 2515 agunt.
608 2458 777 2504 Et·nos
807 2458 893 2512 iis',
924 2457 1033 2514 qui,
1061 2457 1102 2504 si
1139 2470 1224 2514 qua
1247 2458 1357 2512 lapsi

738 2538 762 2580 Ι
795 2549 819 2590 3
1264 2534 1361 2579 fue·
