1624 3016
272 180 466 253 'VITA
517 182 576 230 n.
632 167 1087 233 RUHNKENIL'
1210 180 1311 243 69³³

68 305 330 355 licultatibus
363 305 555 362 gesserit,
601 299 711 353 'Sed'
738 304 805 351 res
842 299 895 351 ab
925 306 1052 353 initio
1081 306 1304 368 estrepe‘-

87 471 91 476 ’
121 458 407 502 Ruhnkenius
443 456 769 502 adolesceusin
806 456 1061 511 Germania,
1093 458 1199 512 quid
1218 458 1305 503 'ea-⁴

63 525 160 584 sent
186 536 335 580 civiles
360 534 683 587 dissensiones,
709 536 806 579 ‘non'
826 533 910 577 nisi
933 545 985 577 ex
1008 533 1203 580 historiis
1222 543 1297 580 co-

63 622 294 673 gnoverat,
324 615 367 658 in
392 598 607 659 Bataviam
627 612 823 668 delatus,
854 613 899 656 re
923 622 967 656 et
990 613 1110 658 facto
1134 617 1305 670 experb

62 700 147 736 tur.
207 691 336 736 Videt
374 692 479 735 duas
515 690 560 735 in
592 692 684 734 esse
713 690 770 735 in'
795 701 840 733 re
867 690 1041 745 publica
1066 696 1205 736 sectas
1228 694 1303 737 ad·-

61 768 290 812 versariast
329 768 512 816 amorem
547 765 707 822 patriae
745 773 788 810 et
820 768 1064 811 eommunis
1092 766 1297 813 utilitatis

63 842 503 897 studiumutramque
526 854 628 897 prae
657 854 705 886 se
726 830 959 898 ferentem,
990 842 1161 887 alteram
1186 843 1303 888 Naa-

68 920 496 976 aavicam5ss³alteram
533 919 821 977 Optimatum‘.
878 919 1089 977 Putabat,
1120 922 1208 967 hoc
1237 920 1305 968 nil

61 997 115 1041 ad
146 1010 191 1040 se
227 997 434 1053 pertinere
458 1028 476 1052 ,
518 1010 646 1054 posse
682 1009 728 1041 se
761 994 917 1042 novam
949 995 1126 1053 patriam
1159 986 1306 1044 amare

64 1073 243 1129 eiusque
278 1075 517 1120 commodis
557 1074 1066 1120 consulere'instituenda'
1096 1076 1305 1133 juventu-³

64 1162 135 1206 te,
168 1155 308 1197 neutri
329 1155 517 1199 deditum
543 1165 712 1210 sectae3
746 1151 917 1212 quippe
933 1167 1043 1213 quae
1060 1157 1194 1214 magis
1212 1158 1304 1214 pri.

61 1237 201 1272 vatam
227 1241 352 1282 quam
377 1230 594 1286 publicam
620 1231 850 1280 utilitatem
874 1240 1131 1288 spectarent.
1187 1232 1303 1280 Mox

65 1306 271 1365 intelligit
305 1309 480 1355 difficile
522 1322 617 1355 esse
652 1295 903 1368 negotium,
943 1311 1110 1357 homini
1142 1308 1189 1359 iii
1219 1311 1306 1357 fm-

67 1384 241 1440 qu'entia
267 1395 309 1429 et
333 1387 645 1432 consuetudine
674 1384 897 1434 hominum
914 1419 931 1443 ,
961 1383 1206 1445 praesertim
1230 1380 1304 1436 su-

60 1465 311 1521 periorum,
339 1465 558 1519 versanti,
603 1465 864 1514 eorumalbl
890 1467 1068 1524 gratlam
1100 1469 1308 1514 concilia·

60 1551 108 1583 re
126 1551 174 1582 ac
201 1539 344 1594 tueri,
373 1552 462 1584 non
491 1540 591 1584 item
623 1541 802 1597 iisdem,
834 1542 998 1598 qulbus
1023 1544 1138 1600 ipsi,
1169 1544 1304 1602 parti-

62 1615 150 1663 bus
169 1615 345 1661 faventi.
405 1614 543 1673 Igitur
555 1647 572 1672 ‚
590 1627 640 1661 ut
658 1630 683 1662 a
704 1616 923 1678 principio
945 1619 991 1664 in
1010 1618 1169 1665 Literis
1186 1622 1306 1666 aliis·

64 1702 151 1748 que
194 1693 394 1737 omnibus
441 1693 624 1749 studiis,
652 1696 708 1740 ad
746 1696 1059 1741 Hcmsterhusli
1093 1711 1140 1743 se
1161 1711 1310 1745 aucto.

63 1768 230 1812 ritatem
262 1769 527 1824 contulerat,
571 1771 803 1816 constituit
837 1773 1045 1833 eumdem*
1068 1774 1212 1820 civilis
1241 1790 1307 1821 se-

67 1857 161 1893 ctae
183 1855 400 1896 auctorem
423 1850 563 1906 sequi.
627 1851 712 1896 Hic
731 1851 1066 1906 Nassavicarum
1098 1865 1185 1900 erat
1213 1870 1311 1912 par·

61 1927 194 1972 tium.
255 1925 552 1982 Adolescens,
593 1927 821 1973 Professor
857 1930 1306 1987 Amstelodamenais,

61 2001 335 2059 optimatum
362 2013 517 2048 sectam
542 2005 825 2060 probaveram
858 2016 903 2050 et
924 2007 1024 2061 quia
1049 2008 1085 2051 is
1110 2017 1217 2053 tunc
1245 2009 1307 2054 rei

64 2079 266 2135 publicae
302 2089 442 2124 status
465 2111 481 2134 ,
522 2090 563 2124 et
600 2076 701 2135 qula
736 2080 811 2124 illa
848 2081 1002 2126 civitas
1030 2095 1196 2139 semper
1226 2084 1309 2128 hu-

67 2155 140 2211 jus
163 2162 302 2205 sectae
324 2166 503 2212 patrona
526 2166 628 2201 erat.
690 2152 774 2204 seu
790 2157 974 2213 incidit,
1004 2172 1113 2213 quae
1134 2173 1231 2206 eum
1254 2162 1310 2206 ab

69 2239 252 2286 utraque
284 2231 330 2277 in
363 2243 622 2288 perpetuum,
646 2233 932 2288 abalienaret,
961 2234 1157 2281 offensio.
1215 2237 1311 2281 Fla-

71 2309 220 2366 grabat
247 2310 386 2354 adhue
413 2311 574 2370 bellum
602 2312 654 2356 de
676 2311 911 2367 Hispanica
933 2314 1209 2358 successione
1228 2316 1304 2358 ad·

73 2398 225 2434 versus
265 2387 438 2432 Gallos.
515 2389 715 2444 Epistola
747 2389 1015 2445 intercipitur
1044 2391 1090 2437 in
1122 2391 1306 2438 Galliam

78 2464 206 2517 data,
234 2466 379 2509 nescio
403 2452 507 2520 quid
537 2468 731 2524 suspecti
757 2478 799 2512 et
831 2468 1034 2512 adversus
1056 2481 1140 2513 nem
1165 2469 1308 2525 publi-

69 2550 165 2592 cam
205 2540 359 2594 habere
394 2543 514 2599 visa,
545 2554 590 2589 et
619 2545 899 2603 scriptorem,
929 2555 1136 2604 quantum
1160 2560 1211 2592 ex
1232 2561 1314 2594 no·

746 2626 828 2677 Xx
856 2634 887 2684 ³
1231 2628 1318 2678 mi·-
