1624 3016
319 190 504 238 v1TA
552 190 612 237 n.
664 189 1120 239 RUHNKENH.
1245 201 1332 248 ⁷2⁵

95 327 181 360 uus
212 314 549 372 inexspectatum
595 316 719 362 Fred.
762 316 880 372 Aug.
926 316 1110 371 vWollii,
1147 313 1331 361 Homeri

90 392 318 436 editionem
349 394 387 436 ei
422 394 592 449 publice
628 393 881 442 dedicantis.
950 395 1079 456 Hunc
1111 394 1251 438 virum
1295 393 1322 437 ὲ

93 467 270 523 scriptis
289 470 382 526 ejus
397 501 412 523 ‚
427 479 576 526 postea
595 470 871 524 epistolarum
900 470 1041 516 officio
1063 471 1284 527 cognitum
1298 499 1319 525 ‚

90 554 225 588 unum
262 546 307 589 in
341 545 493 601 primis
541 555 777 591 exterorum
822 556 1042 592 accuratae
1082 547 1322 593 Literarum

90 618 294 662 scientiae
325 632 479 664 caussa
515 622 658 676 magni
680 619 885 666 faciebatt
918 624 1102 679 ejusque
1116 623 1322 679 Prolego·

89 702 209 736 mena
242 692 470 738 Homerica
507 703 597 738 tum
627 707 773 740 recens
808 697 960 750 allata,
991 697 1198 752 singulari
1217 709 1320 746 cum

84 770 311 824 voluptate
337 771 469 827 legit,
498 771 625 815 etiam
651 771 726 814 ubi
748 771 801 815 ab
823 784 876 817 eo
900 772 1173 817 dissentiret:
1202 774 1325 817 velut

89 844 133 887 in
168 857 214 889 ea
259 845 553 901 disputatione
577 877 594 902 ,
635 859 747 901 quae
780 860 973 904 magnam
1017 848 1116 894 libri
1160 859 1323 904 partem

88 923 393 977 complectitur
413 954 430 979 ,
484 935 570 979 qua
613 925 836 969 ostendere
875 935 1058 969 conatur
1076 956 1094 979 ‚
1146 924 1326 974 Homeri

86 999 420 1054 carmina‚2non
457 1001 510 1045 ab
546 1013 660 1054 uno,
693 1002 768 1045 sed
797 1001 998 1057 pluribus
1028 1002 1208 1056 Potitia,
1248 1015 1323 1048 va·

87 1073 160 1117 riis
197 1075 405 1120 aetatibus
445 1078 715 1133 composita,
755 1090 845 1124 non
890 1077 975 1122 nisi
1010 1078 1324 1134 rhapsodorum

20 1165 31 1174 ·
89 1153 289 1198 memoria
338 1163 553 1208 cantuque
600 1163 765 1199 servata
791 1185 810 1208 ,
849 1154 1001 1210 ignoto
1030 1155 1169 1204 adbuc
1189 1155 1326 1210 apud

87 1226 276 1272 Graecos
314 1228 527 1272 scribendi
570 1241 655 1273 usu
688 1259 704 1283 ,
746 1228 1105 1274 Pisistratidarum
1151 1230 1324 1276 demum

88 1312 220 1353 aetate
240 1305 407 1360 scripto
431 1306 623 1351 mandata
647 1318 757 1350 esse.
818 1305 942 1351 Hanc
969 1306 1054 1350 sibi
1075 1307 1325 1361 opinionem

87 1393 175 1425 non
218 1381 392 1436 probari
437 1382 581 1438 ajebat
627 1382 941 1427 Ruhnkenius:
984 1391 1028 1425 at
1062 1383 1327 1429 vehementer

88 1457 257 1512 probari
290 1456 551 1512 designatam
577 1457 876 1514 egregieffviam
906 1460 1141 1504 carminum
1165 1460 1326 1507 Home·

89 1538 276 1582 ricorum
302 1539 356 1582 ad
377 1537 567 1582 criticam
603 1537 839 1593 scripturae
871 1541 1164 1583 auctoritatem
1198 1539 1325 1586 reati.

89 1616 362 1660 tuendorum.
423 1616 483 1660 Et
510 1615 586 1659 hac
612 1601 797 1660 lectione
827 1615 1093 1674 excitabatur
1123 1616 1178 1660 ad
1199 1616 1324 1660 colli-

87 1689 246 1744 gemla,
293 1702 400 1745 quae
429 1692 482 1734 de
518 1692 663 1737 eodem
704 1704 955 1749 argumento
997 1692 1042 1737 in
1073 1694 1325 1741 adversariis

89 1780 235 1823 sparsa
266 1767 481 1812 habebat:
525 1768 630 1823 sed,
674 1768 1058 1817 intervenientibus
1097 1782 1199 1814 mox
1229 1770 1326 1816 aliis

92 1844 279 1900 negotiis
298 1874 315 1897 ‚
343 1844 369 1888 a
400 1844 632 1901 proposito
667 1845 851 1890 destitit.

142 1920 303 1966 Interea
332 1933 417 1965 rem
437 1922 680 1966 familiarem
696 1921 941 1978 ,affligebant
976 1935 1075 1967 cum
1107 1923 1213 1967 aliae
1237 1922 1327 1968 bel·

87 1998 193 2043 licae
214 1997 502 2051 calamitates,
532 2007 624 2041 tum
660 1994 1065 2045 annonae'caritas:
1097 1999 1325 2046 difficultas

86 2076 346 2132 augebatur,
375 2076 644 2119 decrescente
677 2087 776 2119 cum
806 2074 1127 2130 discipulorum
1148 2088 1327 2124 numero

93 2155 234 2198 simul*
268 2153 438 2208 privato
473 2152 689 2208 -vectigali
717 2165 732 2199 a
775 2142 1014 2209 iisdemque
1045 2154 1331 2202 incommodis

89 2234 289 2290 proximo
318 2246 431 2278 anno
463 2227 1009 2292 (-1796.)‘manentibus‚
1039 2237 1067 2285 ἑ
1104 2237 1331 2284 Curatori·

90 2309 173 2354 bus
196 2309 326 2354 additi
361 2311 514 2357 salario
546 2312 723 2356 trecenti
754 2311 904 2357 floreni
926 2314 1062 2368 magis
1083 2313 1332 2360 benivolen-

87 2387 172 2432 tiae
206 2388 587 2444 significationem,
625 2402 750 2445 quam
795 2390 1035 2435 detrimenti
1078 2403 1333 2447 compensa-

89 2465 246 2510 tionem
267 2497 283 2519 ‚
313 2465 576 2511 adferebant.
620 2466 861 2512 Accedebat
884 2467 963 2511 alia
986 2468 1197 2512 molestia.
1236 2468 1331 2512 Do·

91 2542 205 2589 lebat
230 2545 322 2590 suis
344 2544 598 2590 doctoribus
635 2543 806 2591 orbatas
839 2535 1084 2600 cathedras,
1105 2544 1227 2602 Juris
1248 2543 1332 2588 Pu·
1426 2573 1431 2577 »

732 2621 804 2666 Zz
835 2632 862 2676 3
1244 2619 1329 2664 bli-
