1624 3016
279 164 463 223 v'trA
507 172 569 222 n.
617 163 1062 226 RUHNKENII.
1195 164 1309 238 531*

52 286 221 357 ambre,
253 310 301 345 ut
322 313 444 357 aegre
466 300 519 345 ad
540 300 654 345 aliud
686 299 877 346 studium
905 301 1069 347 traduci
1093 309 1270 358 possets

51 375 119 426 iris
138 380 183 424 in
204 388 455 435 perpetuum
481 392 525 423 se
545 388 683 422 mente
703 371 932 434 animoque
951 379 1186 425 addixerat:
1203 381 1277 428 his

50 454 215 501 laudem
247 465 361 499 certe
391 467 438 499 se
470 460 806 500 consecuturum
831 449 1062 510 sperabat,
1091 454 1280 503 fortasse
1308 514 1315 523 Δ

33 535 176 600 ‘etiam
211 532 456 581 fortunamt
488 543 561 578 aut
594 533 632 578 si
662 531 860 576 fortunae
884 532 1126 577 subsidium
1157 542 1282 578 assu·
1332 535 1335 537 ’

53 613 253 656 mendum
289 619 429 665 esset,
461 611 544 654 hoc
575 608 619 655 in
648 606 993 665 jurisprudentia
1022 606 1283 665 reponebat,

56 691 222 747 quippe
242 692 368 750 cujus
394 687 604 733 efficacius
631 684 923 741 uberiusque,
943 695 1070 740 quam
1094 685 1291 731 Theolo-

56 766 176 823 giae‚
206 768 257 811 ad
279 765 559 819 Antiquarum
586 756 825 807 Literarum
858 761 1078 807 scientiam
1102 760 1287 807 faculta-

56 851 226 897 temque
248 840 537 886 adiumentum
575 850 668 883 esse
691 837 907 885 censebat.
968 841 1134 897 Igitur,
1165 851 1219 885 ne
1241 839 1290 886 in

52 918 421 976 praesentiarum,
462 916 543 962 sub
573 915 716 972 ipsum
755 916 1022 973 discessum,
1063 918 1185 962 matti
1213 916 1289 963 ad·

53 997 212 1041 versari
247 996 490 1050 videretur,
532 994 669 1051 dicit,
716 995 799 1040 sibi
828 990 1022 1040 Graecae
1054 996 1099 1041 in
1136 995 1290 1052 primia

54 1071 226 1130 linguae
247 1073 496 1130 cognitione
519 1086 628 1129 opus
655 1082 781 1128 esse,
810 1086 950 1131 neque
980 1086 1028 1120 ae
1056 1086 1145 1120 eam
1177 1086 1290 1122 recte

57 1150 329 1205 feiiciterque
346 1150 563 1207 percipere
578 1149 813 1205 possenisi
828 1142 1089 1208 Goetting‘ae
1106 1151 1151 1196 in
1168 1151 1298 1199 acho-

58 1226 115 1272 lis
149 1222 346 1274 Gesneri.
404 1225 605 1272 Parentes
642 1225 735 1270 filio
767 1224 948 1271 libenter
969 1226 1295 1285 gratificantur,

58 1309 260 1363 putantes
291 1304 375 1347 hoc
408 1302 460 1347 ad
492 1301 778 1358 Theologiam
804 1312 1015 1358 spectare.
1077 1302 1187 1348 Nam
1220 1303 1296 1348 illa

59 1392 194 1427 aetate
211 1382 257 1426 in
278 1380 499 1436 plerisque
515 1379 611 1427 aliis
629 1377 880 1423 Germaniae
897 1377 1140 1422 Academiis
1161 1377 1302 1423 Grae·

61 1473 155 1506 cam
189 1459 380 1516 linguam
407 1470 496 1503 non
521 1457 607 1502 nisi
642 1456 779 1500 futuri
804 1453 1020 1511 'theologi
1045 1456 1299 1512 discebant,

0 1565 11 1575 -
65 1539 170 1582 ethi
195 1550 338 1582 crassa
362 1534 558 1581 Minerva
574 1565 592 1590 ‚
621 1536 672 1580 ad
705 1533 837 1578 solam
873 1544 1051 1589 eamque
1074 1535 1205 1578 levem
1232 1546 1305 1579 aa·

66 1626 237 1661 crorum
273 1614 481 1658 librorum
518 1612 868 1668 intelligentiamt
911 1609 1098 1657 Graecae
1132 1611 1306 1658 Literae

66 1708 166 1754 pars
187 1695 468 1742 Orientalium
493 1690 783 1750 habehantur,
806 1703 849 1738 et
873 1703 1055 1750 utraque
1077 1692 1167 1740 fere
1188 1705 1305 1741 unua

0 1786 2 1788 ’
63 1786 106 1820 et
128 1776 233 1819 idem
256 1783 343 1818 crat
366 1771 606 1818 Professor.

0 1904 1 1909 ¹
123 1851 272 1905 ltaque
291 1849 422 1895 domo
443 1846 738 1912 proficiscitur
750 1847 999 1894 adolescens
1017 1860 1068 1894 eo
1083 1848 1302 1907 consilio,

0 1914 1 1917 Ἴ
67 1938 117 1972 ut
150 1927 427 1982 Goettingam
463 1940 509 1972 se
531 1922 771 1980 conferret,
800 1935 843 1970 et
877 1938 954 1983 per
978 1926 1142 1971 itineris
1163 1940 1213 1971 ae
1237 1927 1303 1971 di·

68 2004 269 2049 verticuli
298 1996 666 2059 opportunitatem
699 2004 835 2046 claras
873 2002 1029 2057 urbes,
1073 2003 1118 2048 in
1149 2004 1303 2060 primis

68 2082 196 2135 illas,
229 2081 389 2136 quibus
417 2079 599 2125 saxonia
626 2079 776 2134 floret,
809 2079 1055 2125 Academias
1078 2081 1301 2128 inviseret.

5 2160 14 2206 ἶ
70 2156 315 2202 Berolinum
332 2189 348 2210 ‚
372 2157 532 2213 patriae
552 2157 756 2212 regnique
780 2166 910 2212 caput
931 2168 973 2201 et
999 2163 1144 2215 regum
1167 2158 1306 2203 domi.⁴

69 2235 222 2279 cilium
239 2266 256 2289 ,
290 2236 428 2290 ampla
452 2235 549 2279 aliis
580 2234 951 2291 peregrinantibus
977 2238 1195 2292 spectandi
1218 2248 1307 2284 ma·

69 2312 177 2357 teria
192 2344 206 2365 ,
224 2323 313 2357 non
335 2312 421 2356 nisi
447 2324 611 2368 paucos
638 2323 732 2356 eum
753 2313 844 2357 dies
866 2323 1011 2368 tenet;
1033 2316 1199 2371 quippe
1214 2326 1306 2371 quo

73 2400 167 2434 eum
192 2390 360 2434 itineris
391 2390 526 2446 magis
556 2391 822 2446 necessitas,
856 2385 981 2446 quam
1014 2388 1306 2451 cognoscendi

47 2495 50 2498 ‹
72 2465 318 2521 cupiditas,
348 2468 603 2522 adduxerat,
634 2480 870 2522 sperantem
897 2481 943 2513 se
969 2481 1022 2514 eo
1044 2472 1307 2529 rediturum,

71 2552 188 2600 tunc
209 2540 332 2591 'omni
362 2545 524 2604 impetu
552 2545 826 2592 festinantem
860 2548 912 2591 ad
946 2555 1020 2594 eos
1043 2549 1309 2606 locos‚·qui

69 2625 76 2634 “
132 2631 156 2641 ·“
753 2623 821 2668 Ll
853 2640 879 2670 2
1239 2628 1310 2687 ip-
