1624 3016
297 145 479 194 VITA
537 147 598 194 n.
649 130 1115 213 Runnxnmts
1229 153 1319 211 64⁷

85 272 235 329 *iquos
258 271 499 328 Scriptores
518 284 666 316 omnes
690 284 766 326 ea,
780 273 1221 329 quam'laudavimus,
1244 287 1315 320 ra-

89 351 230 406 tione,
253 362 486 405 eorumque
511 352 764 397 recentiores
787 352 1040 406 interpretes
1061 354 1238 398 criticos
1274 363 1321 400 et

86 427 351 482 antiquarios
375 428 531 484 legerat
553 439 718 475 omncs.
759 426 843 471 Sed
865 437 952 472 erat
974 438 1218 474 naturarum
1232 462 1251 487 ,
1274 442 1319 476 et

86 504 279 560 ipsorum
308 504 418 549 inter
437 517 484 549 se
497 512 572 558 ,et
592 503 843 559 magistrum
861 535 877 557 ‚
898 504 1226 552 dissimilitudo.
1267 508 1320 554 In

85 578 415 635 Hemsterhusio
434 579 546 623 ratio
573 579 905 632 dominabatur,
935 581 990 625 ad
1018 580 1313 629 inventionem

3 721 6 724 ἱ
83 656 242 700 sensim
273 664 314 699 et
349 654 472 711 quasi
505 646 801 709 comparandis
855 654 1036 698 calculis
1077 658 1322 711 progredie-

0 763 14 798 ·.
92 731 237 776 batur.
297 735 351 777 ln
383 729 668 776 Valckenario
703 728 790 773 fere
825 731 970 775 omnia
990 741 1109 775 erant
1129 732 1320 790 ingenii,

85 812 233 857 subito
251 820 297 856 et
316 809 521 856 velociter
540 811 593 855 ad
615 811 906 856 inventionem
932 811 1173 869 ferebatur,
1191 828 1321 861 caus-

88 901 231 934 sarum
277 898 493 934 momenta
529 888 663 943 magis
696 889 903 937 sentiebat
938 902 1066 945 quam
1112 895 1321 945 pondera.

86 967 176 1011 bat.
244 965 533 1025 Ruhnkenius
567 967 740 1010 mediam
780 966 889 1012 inter
929 978 1164 1024 utrumque
1194 968 1323 1013 habe-

85 1047 162 1092 bat
186 1054 407 1091 natursmz
440 1045 581 1089 aderat
610 1044 796 1100 impetus
819 1044 1011 1101 ingenii,
1042 1045 1186 1091 aderat
1208 1058 1319 1102 quae

88 1124 296 1181 impetum
320 1132 482 1179 regeret
501 1123 637 1167 ratioz
658 1134 734 1166 nec
758 1122 994 1168 disserendi
1017 1122 1236 1179 diligentia
1250 1136 1323 1169 ce·

0 1187 9 1235 ·'
85 1199 212 1245 debat
239 1200 472 1254 magistro,
502 1209 580 1245 nec
612 1198 872 1255 conjiciendi
901 1198 1071 1244 solertia
1102 1202 1323 1245 condisci-

0 1271 4 1312 ἶ
83 1277 218 1335 pulo:
250 1286 430 1330 utraque
451 1276 523 1319 illa
546 1275 647 1320 dote
666 1275 835 1319 valebat
868 1275 1066 1331 profecta
1085 1288 1137 1323 ex
1161 1278 1251 1333 pari
1275 1286 1319 1323 et
1369 1281 1378 1289 “

87 1353 296 1399 acuminis
315 1353 552 1407 celeritate,
583 1361 625 1397 et
640 1352 794 1408 judicii
820 1351 1077 1399 subtilitate.
1139 1354 1322 1399 Valcke-

23 1447 27 1459 ·
88 1432 195 1478 narii
229 1431 333 1476 mira
364 1429 451 1474 fuit
480 1430 688 1487 sagacitas
722 1429 767 1473 in
806 1430 1032 1475 Poetarum
1070 1430 1320 1486 fragmentis

87 1523 164 1567 per
186 1509 328 1555 omnia
347 1507 638 1562 Antiquitatis
665 1516 941 1552 monumenta
962 1508 1170 1563 dispersis
1188 1522 1236 1552 ac
1258 1510 1322 1555 la-

91 1587 280 1632 tentibus
313 1585 655 1641 investigandis,
697 1585 961 1639 excitandis,
997 1586 1315 1632 instaurandise

89 1678 180 1722 quo
203 1663 248 1708 in
273 1663 460 1707 Critices
485 1675 657 1708 mune-re
682 1662 848 1717 primus
870 1660 1073 1725 excelluit
1095 1661 1320 1720 Scaliger,

91 1753 184 1786 tum
211 1741 449 1796 BentleJus:
481 1740 555 1784 cui
578 1750 630 1785 ut
651 1739 989 1795 Valckenarius,
1019 1739 1078 1785 ita
1099 1739 1203 1785 huic
1220 1755 1326 1797 pro·

91 1818 236 1862 ximus
258 1817 346 1861 fuit
368 1816 669 1867 Ruhnkenius.
715 1816 800 1862 Hic
830 1830 920 1863 non
941 1828 1173 1862 contentus
1192 1819 1322 1863 editis

93 1900 294 1945 Veterum
322 1896 477 1951 libris,
515 1895 703 1947 ineditos
727 1895 855 1941 etiam
879 1897 1211 1941 consectabatur
1230 1908 1324 1940 om-

90 1988 197 2023 nest
220 1955 456 2017 Rhetorum
469 2003 487 2027 ,
514 1971 906 2016 Grammaticorum
921 2001 940 2025 ,
963 1968 1323 2024 Scholiastarum‚

94 2054 262 2109 glossas
284 2050 479 2105 cognitas
501 2059 836 2104 perspectasque
855 2046 1066 2100 habebat,
1087 2059 1324 2103 earumque

94 2128 238 2172 fontes
259 2137 299 2171 et
323 2126 444 2181 quasi
468 2125 768 2170 successiones
790 2137 904 2168 unus
928 2124 1120 2169 omnium
1145 2125 1326 2173 maxime

98 2205 283 2251 tenebat.
334 2202 644 2248 Valckenarius
666 2201 809 2259 minus
826 2201 1048 2257 aliquanto
1064 2202 1333 2248 ineditorum.

92 2274 280 2338 cupidus
313 2282 550 2336 librorum,
590 2281 716 2326 editis
749 2280 837 2325 fere
859 2291 1122 2334 contentus,
1153 2271 1323 2328 omnem

14 2404 23 2418 ,
79 2365 194 2408 item
218 2375 268 2407 ex
293 2362 346 2406 iis
369 2363 576 2407 omnibus
601 2362 815 2406 materiam
829 2371 1123 2418 excerpserat,
1144 2375 1324 2419 eamque

93 2450 302 2496 praeterea
333 2441 530 2484 retulerat
561 2440 614 2484 ad
644 2439 884 2484 interiorem
918 2438 1144 2494 Linguae,
1183 2439 1327 2485 DIale-

90 2527 261 2564 ctorum
287 2547 306 2578 ‚
346 2516 583 2575 Analogiae
618 2526 661 2560 et
699 2515 915 2571 originum
947 2513 1197 2570 scientiam,
1238 2526 1327 2569 qua

707 2591 770 2636 Ss
796 2606 826 2647 4
1179 2590 1329 2648 ipsum,
